Type,Time,Bid,Ask,Volume
Tick,2024-10-13 21:05:00.140000+00:00,1.30621,1.30666,
Tick,2024-10-13 21:05:00.193000+00:00,1.30617,1.30662,
Tick,2024-10-13 21:05:00.242000+00:00,1.30615,1.3066,
Tick,2024-10-13 21:05:00.906000+00:00,1.30618,1.30663,
Tick,2024-10-13 21:05:01.080000+00:00,1.30622,1.30667,
Tick,2024-10-13 21:05:01.886000+00:00,1.30623,1.30668,
Tick,2024-10-13 21:05:03.557000+00:00,1.30624,1.30669,
Tick,2024-10-13 21:05:05.484000+00:00,1.30627,1.30672,
Tick,2024-10-13 21:05:10.190000+00:00,1.30628,1.30673,
Tick,2024-10-13 21:05:15.816000+00:00,1.30631,1.30676,
Tick,2024-10-13 21:05:30.030000+00:00,1.3063,1.30675,
Tick,2024-10-13 21:05:38.620000+00:00,1.30631,1.30676,
Tick,2024-10-13 21:05:44.137000+00:00,1.30629,1.30674,
Tick,2024-10-13 21:06:00.846000+00:00,1.30629,,
Tick,2024-10-13 21:06:13.554000+00:00,1.30628,1.30673,
Tick,2024-10-13 21:06:20.459000+00:00,1.30627,1.3067,
Tick,2024-10-13 21:06:32.702000+00:00,1.30628,1.30671,
Tick,2024-10-13 21:06:43.761000+00:00,1.30627,1.3067,
Tick,2024-10-13 21:06:46.476000+00:00,1.30628,1.30671,
Tick,2024-10-13 21:06:49.428000+00:00,1.30627,1.3067,
Tick,2024-10-13 21:06:49.479000+00:00,1.30626,,
Tick,2024-10-13 21:06:49.479000+00:00,1.30627,1.30671,
Tick,2024-10-13 21:06:50.478000+00:00,,1.3067,
Tick,2024-10-13 21:06:58.266000+00:00,1.30628,1.30671,
Tick,2024-10-13 21:06:58.310000+00:00,1.30627,1.3067,
Tick,2024-10-13 21:07:00.126000+00:00,1.30631,1.30674,
Tick,2024-10-13 21:07:14.995000+00:00,1.30627,1.3067,
Tick,2024-10-13 21:07:27.503000+00:00,1.30626,1.30669,
Tick,2024-10-13 21:07:41.411000+00:00,1.30625,1.30668,
Tick,2024-10-13 21:07:50.517000+00:00,1.30626,1.30669,
Tick,2024-10-13 21:07:52.419000+00:00,1.30625,1.30668,
Tick,2024-10-13 21:08:00.024000+00:00,1.30629,1.30672,
Tick,2024-10-13 21:08:00.024000+00:00,1.3063,,
Tick,2024-10-13 21:08:10.033000+00:00,1.30631,1.30673,
Tick,2024-10-13 21:08:20.136000+00:00,1.30633,1.30678,
Tick,2024-10-13 21:08:34.546000+00:00,1.30631,1.30673,
Tick,2024-10-13 21:08:44.155000+00:00,1.30628,1.3067,
Tick,2024-10-13 21:09:34.283000+00:00,1.30633,1.30677,
Tick,2024-10-13 21:09:44.289000+00:00,,1.3067,
Tick,2024-10-13 21:09:47.491000+00:00,1.3063,1.30665,
Tick,2024-10-13 21:10:00.193000+00:00,1.3063,1.30672,
Tick,2024-10-13 21:10:01.761000+00:00,1.30633,1.30676,
Tick,2024-10-13 21:10:01.801000+00:00,1.30634,1.30677,
Tick,2024-10-13 21:10:12.507000+00:00,1.30635,1.30678,
Tick,2024-10-13 21:10:22.614000+00:00,,1.30679,
Tick,2024-10-13 21:10:55.221000+00:00,1.30636,,
Tick,2024-10-13 21:11:04.541000+00:00,1.30635,1.30678,
Tick,2024-10-13 21:11:24.753000+00:00,1.30639,1.30684,
Tick,2024-10-13 21:11:34.260000+00:00,1.30637,1.3068,
Tick,2024-10-13 21:11:44.069000+00:00,1.30636,1.30679,
Tick,2024-10-13 21:11:50.671000+00:00,,1.30678,
Tick,2024-10-13 21:12:02.479000+00:00,1.30636,1.30679,
Tick,2024-10-13 21:12:08.683000+00:00,1.30639,1.30684,
Tick,2024-10-13 21:12:10.484000+00:00,1.30637,1.3068,
Tick,2024-10-13 21:12:16.217000+00:00,,1.30681,
Tick,2024-10-13 21:12:27.644000+00:00,1.30641,1.30685,
Tick,2024-10-13 21:12:27.695000+00:00,1.30637,1.30681,
Tick,2024-10-13 21:12:40.203000+00:00,1.30635,1.30679,
Tick,2024-10-13 21:12:42.605000+00:00,1.30636,1.3068,
Tick,2024-10-13 21:12:42.629000+00:00,1.30638,1.30682,
Tick,2024-10-13 21:13:11.228000+00:00,1.30646,1.3069,
Tick,2024-10-13 21:13:18.529000+00:00,1.30644,1.30687,
Tick,2024-10-13 21:13:18.629000+00:00,1.30645,1.30688,
Tick,2024-10-13 21:13:19.029000+00:00,1.30644,1.30687,
Tick,2024-10-13 21:13:20.030000+00:00,1.30645,1.30688,
Tick,2024-10-13 21:13:21.630000+00:00,,1.30689,
Tick,2024-10-13 21:13:24.632000+00:00,,1.30688,
Tick,2024-10-13 21:13:26.133000+00:00,,1.30689,
Tick,2024-10-13 21:13:27.635000+00:00,1.30646,1.3069,
Tick,2024-10-13 21:13:29.135000+00:00,1.30645,1.30688,
Tick,2024-10-13 21:13:30.637000+00:00,,1.30689,
Tick,2024-10-13 21:13:37.541000+00:00,1.30646,,
Tick,2024-10-13 21:13:40.043000+00:00,,1.3069,
Tick,2024-10-13 21:13:40.544000+00:00,1.30645,1.30689,
Tick,2024-10-13 21:13:44.149000+00:00,1.30642,1.30686,
Tick,2024-10-13 21:13:46.447000+00:00,1.30639,1.30682,
Tick,2024-10-13 21:13:48.749000+00:00,1.30636,1.30679,
Tick,2024-10-13 21:14:06.272000+00:00,1.3064,1.30683,
Tick,2024-10-13 21:14:14.566000+00:00,1.30642,1.30687,
Tick,2024-10-13 21:14:39.883000+00:00,1.30646,1.30689,
Tick,2024-10-13 21:14:52.692000+00:00,1.30647,1.3069,
Tick,2024-10-13 21:15:00.196000+00:00,1.30647,,
Tick,2024-10-13 21:15:01.024000+00:00,1.30643,1.30687,
Tick,2024-10-13 21:15:03.627000+00:00,1.30644,1.30688,
Tick,2024-10-13 21:15:11.622000+00:00,1.30643,1.30687,
Tick,2024-10-13 21:15:27.646000+00:00,1.30644,1.30688,
Tick,2024-10-13 21:15:45.740000+00:00,1.30643,1.30687,
Tick,2024-10-13 21:16:01.097000+00:00,1.30642,1.30686,
Tick,2024-10-13 21:16:01.172000+00:00,1.30644,1.30688,
Tick,2024-10-13 21:16:01.217000+00:00,1.30643,1.30687,
Tick,2024-10-13 21:16:07.021000+00:00,1.30641,1.30685,
Tick,2024-10-13 21:16:08.136000+00:00,1.30643,1.30687,
Tick,2024-10-13 21:16:08.186000+00:00,1.30642,1.30686,
Tick,2024-10-13 21:16:20.691000+00:00,1.30643,1.30687,
Tick,2024-10-13 21:16:22.643000+00:00,1.30642,1.30686,
Tick,2024-10-13 21:16:25.581000+00:00,1.30643,1.30687,
Tick,2024-10-13 21:16:44.072000+00:00,1.30645,1.30689,
Tick,2024-10-13 21:16:45.670000+00:00,1.30646,1.3069,
Tick,2024-10-13 21:16:45.677000+00:00,1.30643,1.30687,
Tick,2024-10-13 21:16:45.918000+00:00,1.30644,1.30688,
Tick,2024-10-13 21:16:53.550000+00:00,1.30643,1.30687,
Tick,2024-10-13 21:16:59.466000+00:00,1.30644,1.30688,
Tick,2024-10-13 21:16:59.522000+00:00,1.30643,1.30687,
Tick,2024-10-13 21:17:12.631000+00:00,1.30643,,
Tick,2024-10-13 21:17:15.917000+00:00,1.30644,1.30688,
Tick,2024-10-13 21:17:19.849000+00:00,1.30643,1.30687,
Tick,2024-10-13 21:17:22.323000+00:00,1.30644,1.30688,
Tick,2024-10-13 21:17:24.154000+00:00,1.30645,1.30689,
Tick,2024-10-13 21:17:41.506000+00:00,1.30648,1.30691,
Tick,2024-10-13 21:17:45.409000+00:00,,1.30692,
Tick,2024-10-13 21:17:50.111000+00:00,1.30647,1.30691,
Tick,2024-10-13 21:17:53.514000+00:00,1.30648,1.30692,
Tick,2024-10-13 21:18:00.218000+00:00,1.30649,,
Tick,2024-10-13 21:18:05.421000+00:00,1.3065,1.30693,
Tick,2024-10-13 21:18:20.131000+00:00,1.30649,,
Tick,2024-10-13 21:18:26.235000+00:00,1.3065,,
Tick,2024-10-13 21:18:31.639000+00:00,1.30651,1.30694,
Tick,2024-10-13 21:18:41.325000+00:00,1.30652,1.30695,
Tick,2024-10-13 21:18:49.451000+00:00,1.30653,1.30696,
Tick,2024-10-13 21:18:51.152000+00:00,1.30651,,
Tick,2024-10-13 21:18:52.653000+00:00,1.30649,1.30693,
Tick,2024-10-13 21:19:04.760000+00:00,1.30651,1.30694,
Tick,2024-10-13 21:19:14.766000+00:00,1.30652,1.30695,
Tick,2024-10-13 21:19:14.867000+00:00,1.30651,1.30694,
Tick,2024-10-13 21:19:15.467000+00:00,,1.30695,
Tick,2024-10-13 21:19:25.073000+00:00,1.30653,1.30696,
Tick,2024-10-13 21:19:25.573000+00:00,1.30651,1.30694,
Tick,2024-10-13 21:19:26.574000+00:00,,1.30695,
Tick,2024-10-13 21:19:35.279000+00:00,,1.30694,
Tick,2024-10-13 21:19:41.683000+00:00,1.30652,1.30695,
Tick,2024-10-13 21:19:48.589000+00:00,1.30653,,
Tick,2024-10-13 21:20:05.598000+00:00,1.30653,,
Tick,2024-10-13 21:20:05.899000+00:00,1.30654,1.30697,
Tick,2024-10-13 21:20:06.099000+00:00,1.30653,,
Tick,2024-10-13 21:20:09.501000+00:00,1.30652,1.30695,
Tick,2024-10-13 21:20:16.105000+00:00,1.30651,1.30694,
Tick,2024-10-13 21:20:25.364000+00:00,1.30648,1.30692,
Tick,2024-10-13 21:21:07.139000+00:00,1.30648,,
Tick,2024-10-13 21:21:26.298000+00:00,1.30652,1.30695,
Tick,2024-10-13 21:21:26.851000+00:00,1.30653,1.30696,
Tick,2024-10-13 21:21:27.352000+00:00,1.30652,,
Tick,2024-10-13 21:21:29.152000+00:00,1.30651,1.30694,
Tick,2024-10-13 21:21:30.453000+00:00,1.30652,1.30696,
Tick,2024-10-13 21:21:33.455000+00:00,,1.30695,
Tick,2024-10-13 21:21:41.460000+00:00,1.30655,1.30697,
Tick,2024-10-13 21:21:42.661000+00:00,1.30654,,
Tick,2024-10-13 21:22:00.173000+00:00,1.30652,1.30696,
Tick,2024-10-13 21:22:07.977000+00:00,1.30651,1.30694,
Tick,2024-10-13 21:22:10.679000+00:00,1.30652,1.30695,
Tick,2024-10-13 21:22:12.680000+00:00,1.30651,1.30694,
Tick,2024-10-13 21:22:16.683000+00:00,1.30652,1.30695,
Tick,2024-10-13 21:22:21.320000+00:00,1.30651,1.30694,
Tick,2024-10-13 21:22:22.386000+00:00,1.30653,1.30695,
Tick,2024-10-13 21:22:41.098000+00:00,1.30655,1.30699,
Tick,2024-10-13 21:22:43.499000+00:00,1.30653,1.30696,
Tick,2024-10-13 21:23:03.612000+00:00,1.30653,1.30695,
Tick,2024-10-13 21:23:04.713000+00:00,,1.30696,
Tick,2024-10-13 21:23:16.254000+00:00,1.30654,1.30697,
Tick,2024-10-13 21:23:17.421000+00:00,1.30655,,
Tick,2024-10-13 21:23:19.322000+00:00,1.30653,1.30696,
Tick,2024-10-13 21:23:20.722000+00:00,1.30652,1.30695,
Tick,2024-10-13 21:23:45.139000+00:00,,1.30696,
Tick,2024-10-13 21:23:49.441000+00:00,,1.30695,
Tick,2024-10-13 21:23:52.243000+00:00,,1.30696,
Tick,2024-10-13 21:24:08.753000+00:00,1.30655,1.30698,
Tick,2024-10-13 21:24:13.957000+00:00,1.30656,1.307,
Tick,2024-10-13 21:24:24.262000+00:00,1.30655,1.30695,
Tick,2024-10-13 21:24:38.071000+00:00,1.30653,1.3069,
Tick,2024-10-13 21:24:38.571000+00:00,1.30648,1.30688,
Tick,2024-10-13 21:24:40.373000+00:00,1.30645,1.30686,
Tick,2024-10-13 21:24:43.275000+00:00,1.30644,1.30685,
Tick,2024-10-13 21:24:50.381000+00:00,1.30647,1.3069,
Tick,2024-10-13 21:24:50.880000+00:00,1.30648,1.30691,
Tick,2024-10-13 21:24:50.999000+00:00,1.30647,1.3069,
Tick,2024-10-13 21:25:01.593000+00:00,1.30647,,
Tick,2024-10-13 21:25:02.088000+00:00,,1.30691,
Tick,2024-10-13 21:25:03.388000+00:00,,1.3069,
Tick,2024-10-13 21:25:06.246000+00:00,1.3065,1.30694,
Tick,2024-10-13 21:25:17.498000+00:00,1.30653,1.30697,
Tick,2024-10-13 21:25:17.699000+00:00,1.30654,1.30698,
Tick,2024-10-13 21:25:21.501000+00:00,1.30653,1.30697,
Tick,2024-10-13 21:25:30.090000+00:00,1.30649,1.30693,
Tick,2024-10-13 21:25:32.707000+00:00,,1.30692,
Tick,2024-10-13 21:25:41.613000+00:00,,1.30694,
Tick,2024-10-13 21:26:01.243000+00:00,1.30661,1.30706,
Tick,2024-10-13 21:26:08.530000+00:00,1.30659,1.30702,
Tick,2024-10-13 21:26:12.334000+00:00,1.30656,1.30699,
Tick,2024-10-13 21:26:12.433000+00:00,1.30653,1.30697,
Tick,2024-10-13 21:26:18.637000+00:00,1.30654,1.30698,
Tick,2024-10-13 21:26:20.638000+00:00,1.30653,1.30697,
Tick,2024-10-13 21:26:21.940000+00:00,1.30652,1.30696,
Tick,2024-10-13 21:26:30.645000+00:00,1.30653,,
Tick,2024-10-13 21:26:32.145000+00:00,1.30656,1.30699,
Tick,2024-10-13 21:26:42.352000+00:00,1.30654,1.30697,
Tick,2024-10-13 21:26:44.653000+00:00,1.30655,,
Tick,2024-10-13 21:26:52.360000+00:00,1.30654,,
Tick,2024-10-13 21:26:53.460000+00:00,,1.30696,
Tick,2024-10-13 21:26:56.261000+00:00,,1.30697,
Tick,2024-10-13 21:27:02.565000+00:00,1.30653,1.30696,
Tick,2024-10-13 21:27:13.872000+00:00,1.30652,1.30695,
Tick,2024-10-13 21:27:20.176000+00:00,1.30653,1.30696,
Tick,2024-10-13 21:27:29.483000+00:00,1.30655,1.30698,
Tick,2024-10-13 21:27:33.485000+00:00,1.30654,1.30697,
Tick,2024-10-13 21:27:40.316000+00:00,1.30653,,
Tick,2024-10-13 21:28:01.503000+00:00,1.30653,,
Tick,2024-10-13 21:28:24.217000+00:00,,1.30696,
Tick,2024-10-13 21:28:46.324000+00:00,1.30652,1.30695,
Tick,2024-10-13 21:28:50.335000+00:00,1.30654,1.30696,
Tick,2024-10-13 21:29:14.250000+00:00,1.30655,1.30699,
Tick,2024-10-13 21:29:24.257000+00:00,1.30654,1.30696,
Tick,2024-10-13 21:29:24.656000+00:00,,1.30697,
Tick,2024-10-13 21:29:44.269000+00:00,1.30655,1.30698,
Tick,2024-10-13 21:29:45.770000+00:00,1.30654,1.30697,
Tick,2024-10-13 21:30:00.079000+00:00,1.30653,,
Tick,2024-10-13 21:30:05.907000+00:00,1.30649,1.30693,
Tick,2024-10-13 21:30:12.674000+00:00,1.30648,1.30692,
Tick,2024-10-13 21:30:15.062000+00:00,1.30649,1.30693,
Tick,2024-10-13 21:30:15.107000+00:00,1.30648,1.30692,
Tick,2024-10-13 21:30:27.997000+00:00,1.30651,1.30695,
Tick,2024-10-13 21:30:30.222000+00:00,1.30648,1.30692,
Tick,2024-10-13 21:30:44.111000+00:00,1.30652,1.30696,
Tick,2024-10-13 21:30:46.710000+00:00,1.30653,1.30697,
Tick,2024-10-13 21:30:49.412000+00:00,1.30652,1.30696,
Tick,2024-10-13 21:30:59.123000+00:00,1.30653,1.30697,
Tick,2024-10-13 21:31:07.129000+00:00,1.30653,,
Tick,2024-10-13 21:31:10.231000+00:00,1.30654,,
Tick,2024-10-13 21:31:17.436000+00:00,1.30655,1.30698,
Tick,2024-10-13 21:31:20.490000+00:00,1.30651,1.30694,
Tick,2024-10-13 21:31:21.438000+00:00,1.3065,1.30693,
Tick,2024-10-13 21:31:48.071000+00:00,1.30649,1.30692,
Tick,2024-10-13 21:31:48.131000+00:00,,1.30693,
Tick,2024-10-13 21:31:58.263000+00:00,,1.30692,
Tick,2024-10-13 21:32:08.470000+00:00,1.30649,,
Tick,2024-10-13 21:32:21.974000+00:00,1.30653,1.30696,
Tick,2024-10-13 21:32:26.303000+00:00,1.30656,1.30699,
Tick,2024-10-13 21:32:28.483000+00:00,1.30652,1.30695,
Tick,2024-10-13 21:32:29.484000+00:00,1.30649,1.30692,
Tick,2024-10-13 21:32:39.091000+00:00,1.30653,1.30696,
Tick,2024-10-13 21:32:41.492000+00:00,1.30654,1.30697,
Tick,2024-10-13 21:33:00.505000+00:00,1.30654,,
Tick,2024-10-13 21:33:09.777000+00:00,1.3065,1.30693,
Tick,2024-10-13 21:33:09.837000+00:00,1.30649,1.30692,
Tick,2024-10-13 21:33:26.776000+00:00,1.30648,,
Tick,2024-10-13 21:33:26.825000+00:00,1.30649,,
Tick,2024-10-13 21:33:40.132000+00:00,1.30652,1.30695,
Tick,2024-10-13 21:33:44.137000+00:00,1.30653,1.30696,
Tick,2024-10-13 21:33:46.643000+00:00,1.3065,1.30693,
Tick,2024-10-13 21:33:46.710000+00:00,1.30649,1.30692,
Tick,2024-10-13 21:34:00.244000+00:00,1.30653,1.30696,
Tick,2024-10-13 21:34:10.634000+00:00,1.3065,1.30693,
Tick,2024-10-13 21:34:10.652000+00:00,1.30649,1.30692,
Tick,2024-10-13 21:34:10.725000+00:00,1.30648,1.30691,
Tick,2024-10-13 21:34:13.175000+00:00,1.30649,1.30692,
Tick,2024-10-13 21:34:15.201000+00:00,1.30647,1.30691,
Tick,2024-10-13 21:34:15.243000+00:00,1.30649,1.30692,
Tick,2024-10-13 21:34:15.293000+00:00,1.30648,1.30691,
Tick,2024-10-13 21:34:30.849000+00:00,1.30647,1.3069,
Tick,2024-10-13 21:34:30.890000+00:00,1.30648,1.30691,
Tick,2024-10-13 21:34:37.887000+00:00,1.30647,1.3069,
Tick,2024-10-13 21:34:51.180000+00:00,1.3065,1.30693,
Tick,2024-10-13 21:35:01.385000+00:00,1.30652,1.30695,
Tick,2024-10-13 21:35:11.271000+00:00,1.30653,1.30696,
Tick,2024-10-13 21:35:21.799000+00:00,1.30652,1.30695,
Tick,2024-10-13 21:35:21.877000+00:00,1.30649,1.30692,
Tick,2024-10-13 21:35:21.934000+00:00,1.30647,1.3069,
Tick,2024-10-13 21:35:42.184000+00:00,1.30648,1.30691,
Tick,2024-10-13 21:35:55.922000+00:00,1.30651,1.30694,
Tick,2024-10-13 21:35:56.022000+00:00,1.30652,1.30695,
Tick,2024-10-13 21:36:06.281000+00:00,1.30651,1.30694,
Tick,2024-10-13 21:36:08.165000+00:00,1.30652,1.30695,
Tick,2024-10-13 21:36:12.734000+00:00,1.30648,1.30691,
Tick,2024-10-13 21:36:12.785000+00:00,1.30645,1.30688,
Tick,2024-10-13 21:36:41.420000+00:00,1.30643,1.30686,
Tick,2024-10-13 21:36:41.428000+00:00,1.30644,1.30687,
Tick,2024-10-13 21:37:01.263000+00:00,1.30647,1.3069,
Tick,2024-10-13 21:37:03.568000+00:00,1.30649,1.30692,
Tick,2024-10-13 21:37:09.633000+00:00,1.30646,1.30689,
Tick,2024-10-13 21:37:09.652000+00:00,1.30643,1.30686,
Tick,2024-10-13 21:37:09.777000+00:00,1.30644,1.30687,
Tick,2024-10-13 21:37:09.798000+00:00,1.30645,1.30688,
Tick,2024-10-13 21:37:14.393000+00:00,1.30646,1.30689,
Tick,2024-10-13 21:37:15.908000+00:00,1.30645,1.30688,
Tick,2024-10-13 21:37:20.788000+00:00,1.30644,1.30687,
Tick,2024-10-13 21:37:33.688000+00:00,1.30645,1.30688,
Tick,2024-10-13 21:37:34.189000+00:00,1.30648,1.30691,
Tick,2024-10-13 21:37:34.689000+00:00,1.30649,1.30692,
Tick,2024-10-13 21:37:35.153000+00:00,1.30646,1.30689,
Tick,2024-10-13 21:37:35.190000+00:00,1.30642,1.30685,
Tick,2024-10-13 21:37:41.369000+00:00,1.30641,1.30684,
Tick,2024-10-13 21:37:54.403000+00:00,1.30644,1.30687,
Tick,2024-10-13 21:37:55.930000+00:00,1.30641,1.30684,
Tick,2024-10-13 21:37:56.271000+00:00,1.3064,1.30683,
Tick,2024-10-13 21:37:56.457000+00:00,1.30641,1.30684,
Tick,2024-10-13 21:37:56.458000+00:00,1.3064,1.30683,
Tick,2024-10-13 21:37:56.467000+00:00,1.30641,1.30684,
Tick,2024-10-13 21:37:57.406000+00:00,1.3064,1.30683,
Tick,2024-10-13 21:38:04.324000+00:00,1.3064,,
Tick,2024-10-13 21:38:15.076000+00:00,1.30642,1.30685,
Tick,2024-10-13 21:38:32.749000+00:00,1.30643,1.30686,
Tick,2024-10-13 21:38:44.138000+00:00,1.30641,1.30684,
Tick,2024-10-13 21:38:50.166000+00:00,1.3064,1.30683,
Tick,2024-10-13 21:38:53.406000+00:00,1.30641,1.30684,
Tick,2024-10-13 21:38:53.406000+00:00,1.3064,1.30683,
Tick,2024-10-13 21:38:53.409000+00:00,1.30641,1.30684,
Tick,2024-10-13 21:38:53.913000+00:00,1.3064,1.30683,
Tick,2024-10-13 21:38:54.995000+00:00,1.30641,1.30684,
Tick,2024-10-13 21:38:55.485000+00:00,1.3064,1.30683,
Tick,2024-10-13 21:38:55.487000+00:00,1.30641,1.30684,
Tick,2024-10-13 21:38:55.487000+00:00,1.3064,1.30683,
Tick,2024-10-13 21:38:55.497000+00:00,1.30641,1.30684,
Tick,2024-10-13 21:38:55.999000+00:00,1.3064,1.30683,
Tick,2024-10-13 21:39:05.199000+00:00,1.30638,1.30681,
Tick,2024-10-13 21:39:06.376000+00:00,1.30641,1.30684,
Tick,2024-10-13 21:39:09.800000+00:00,1.30642,1.30685,
Tick,2024-10-13 21:39:13.856000+00:00,1.3064,1.30683,
Tick,2024-10-13 21:39:14.803000+00:00,1.30639,1.30682,
Tick,2024-10-13 21:39:25.426000+00:00,1.3064,,
Tick,2024-10-13 21:39:25.434000+00:00,1.30639,,
Tick,2024-10-13 21:39:26.442000+00:00,1.3064,1.30683,
Tick,2024-10-13 21:39:26.931000+00:00,1.30639,1.30682,
Tick,2024-10-13 21:39:26.932000+00:00,1.3064,1.30683,
Tick,2024-10-13 21:39:28.899000+00:00,1.30639,1.30682,
Tick,2024-10-13 21:39:29.305000+00:00,1.3064,,
Tick,2024-10-13 21:39:29.307000+00:00,1.30639,,
Tick,2024-10-13 21:39:29.317000+00:00,,1.30681,
Tick,2024-10-13 21:39:41.674000+00:00,1.30642,1.30684,
Tick,2024-10-13 21:39:49.405000+00:00,1.30639,1.30681,
Tick,2024-10-13 21:39:54.991000+00:00,1.30638,1.3068,
Tick,2024-10-13 21:39:55.083000+00:00,1.30637,1.30679,
Tick,2024-10-13 21:39:55.792000+00:00,1.30638,1.3068,
Tick,2024-10-13 21:39:55.792000+00:00,1.30637,1.30679,
Tick,2024-10-13 21:39:56.003000+00:00,1.30638,1.3068,
Tick,2024-10-13 21:39:58.845000+00:00,1.30637,1.30679,
Tick,2024-10-13 21:39:59.299000+00:00,1.30638,1.3068,
Tick,2024-10-13 21:39:59.299000+00:00,1.30637,1.30679,
Tick,2024-10-13 21:39:59.904000+00:00,1.30636,1.30678,
Tick,2024-10-13 21:40:00.233000+00:00,1.30636,,
Tick,2024-10-13 21:40:03.754000+00:00,1.30634,1.30676,
Tick,2024-10-13 21:40:07.822000+00:00,,1.30677,
Tick,2024-10-13 21:40:09.854000+00:00,1.30633,1.30676,
Tick,2024-10-13 21:40:09.867000+00:00,1.30634,1.30677,
Tick,2024-10-13 21:40:09.872000+00:00,1.30633,1.30676,
Tick,2024-10-13 21:40:09.893000+00:00,1.30634,1.30677,
Tick,2024-10-13 21:40:11.894000+00:00,1.30633,1.30676,
Tick,2024-10-13 21:40:14.798000+00:00,1.30632,1.30675,
Tick,2024-10-13 21:40:14.857000+00:00,1.30633,1.30676,
Tick,2024-10-13 21:40:15.807000+00:00,1.30632,1.30675,
Tick,2024-10-13 21:40:16.854000+00:00,1.30633,1.30676,
Tick,2024-10-13 21:40:16.858000+00:00,1.30632,1.30675,
Tick,2024-10-13 21:40:22.001000+00:00,1.30633,1.30676,
Tick,2024-10-13 21:40:24.302000+00:00,1.30632,1.30675,
Tick,2024-10-13 21:40:24.485000+00:00,1.30633,1.30676,
Tick,2024-10-13 21:40:34.709000+00:00,1.30632,1.30675,
Tick,2024-10-13 21:40:34.803000+00:00,1.30633,,
Tick,2024-10-13 21:40:34.803000+00:00,1.30632,,
Tick,2024-10-13 21:40:34.865000+00:00,1.30633,,
Tick,2024-10-13 21:40:36.211000+00:00,1.30632,,
Tick,2024-10-13 21:40:37.624000+00:00,1.30631,1.30674,
Tick,2024-10-13 21:40:37.626000+00:00,1.30632,1.30675,
Tick,2024-10-13 21:40:38.801000+00:00,1.30631,1.30674,
Tick,2024-10-13 21:40:38.805000+00:00,1.30632,1.30675,
Tick,2024-10-13 21:40:44.779000+00:00,1.30633,1.30676,
Tick,2024-10-13 21:40:50.820000+00:00,,1.30675,
Tick,2024-10-13 21:40:59.985000+00:00,1.30632,,
Tick,2024-10-13 21:41:00.027000+00:00,1.30632,,
Tick,2024-10-13 21:41:17.995000+00:00,,1.30674,
Tick,2024-10-13 21:41:17.995000+00:00,1.30631,1.30673,
Tick,2024-10-13 21:41:18.038000+00:00,1.3063,,
Tick,2024-10-13 21:41:18.047000+00:00,1.30631,1.30674,
Tick,2024-10-13 21:41:20.440000+00:00,1.30632,1.30675,
Tick,2024-10-13 21:41:20.508000+00:00,1.30633,1.30676,
Tick,2024-10-13 21:41:21.664000+00:00,1.30632,1.30675,
Tick,2024-10-13 21:41:21.664000+00:00,1.30631,1.30674,
Tick,2024-10-13 21:41:35.530000+00:00,1.3063,1.30673,
Tick,2024-10-13 21:41:45.857000+00:00,1.30634,1.30676,
Tick,2024-10-13 21:41:50.163000+00:00,1.30631,1.30673,
Tick,2024-10-13 21:41:54.846000+00:00,1.3063,1.30672,
Tick,2024-10-13 21:42:00.674000+00:00,1.3063,1.30673,
Tick,2024-10-13 21:42:23.763000+00:00,1.30629,1.30672,
Tick,2024-10-13 21:42:28.863000+00:00,1.3063,1.30673,
Tick,2024-10-13 21:42:31.988000+00:00,1.30629,1.30672,
Tick,2024-10-13 21:42:59.163000+00:00,1.30628,1.30671,
Tick,2024-10-13 21:43:01.008000+00:00,1.30628,1.3067,
Tick,2024-10-13 21:43:07.263000+00:00,1.30627,1.30669,
Tick,2024-10-13 21:43:09.663000+00:00,1.30626,1.30668,
Tick,2024-10-13 21:43:09.963000+00:00,1.30627,1.30669,
Tick,2024-10-13 21:43:18.045000+00:00,,1.3067,
Tick,2024-10-13 21:43:29.627000+00:00,1.30628,1.30671,
Tick,2024-10-13 21:43:30.407000+00:00,1.30627,1.3067,
Tick,2024-10-13 21:43:39.051000+00:00,1.30626,1.30669,
Tick,2024-10-13 21:43:39.060000+00:00,1.30627,1.3067,
Tick,2024-10-13 21:43:40.115000+00:00,1.30626,1.30669,
Tick,2024-10-13 21:43:40.133000+00:00,1.30627,,
Tick,2024-10-13 21:43:50.040000+00:00,1.30626,,
Tick,2024-10-13 21:44:00.247000+00:00,1.30627,,
Tick,2024-10-13 21:44:00.363000+00:00,1.30626,1.30668,
Tick,2024-10-13 21:44:16.858000+00:00,1.30625,1.30667,
Tick,2024-10-13 21:44:18.364000+00:00,,1.30668,
Tick,2024-10-13 21:44:29.666000+00:00,,1.30667,
Tick,2024-10-13 21:44:37.862000+00:00,1.30624,1.30666,
Tick,2024-10-13 21:44:38.162000+00:00,1.30625,1.30667,
Tick,2024-10-13 21:44:50.880000+00:00,1.30623,1.30665,
Tick,2024-10-13 21:44:51.001000+00:00,1.30624,1.30666,
Tick,2024-10-13 21:44:56.763000+00:00,1.30623,1.30665,
Tick,2024-10-13 21:44:57.063000+00:00,1.30624,1.30666,
Tick,2024-10-13 21:45:01.086000+00:00,1.30624,,
Tick,2024-10-13 21:45:16.317000+00:00,1.30643,1.30685,
Tick,2024-10-13 21:45:17.297000+00:00,1.30639,1.30682,
Tick,2024-10-13 21:45:21.500000+00:00,1.30636,1.30679,
Tick,2024-10-13 21:45:22.901000+00:00,1.30633,1.30676,
Tick,2024-10-13 21:45:29.893000+00:00,1.3063,1.30673,
Tick,2024-10-13 21:45:29.935000+00:00,1.30626,1.30669,
Tick,2024-10-13 21:45:31.407000+00:00,1.30624,1.30667,
Tick,2024-10-13 21:45:41.713000+00:00,,1.30666,
Tick,2024-10-13 21:45:41.762000+00:00,1.30623,,
Tick,2024-10-13 21:45:41.948000+00:00,1.30624,,
Tick,2024-10-13 21:45:55.128000+00:00,1.30623,1.30665,
Tick,2024-10-13 21:46:02.132000+00:00,1.30623,,
Tick,2024-10-13 21:46:08.468000+00:00,1.30622,1.30664,
Tick,2024-10-13 21:46:09.337000+00:00,,1.30665,
Tick,2024-10-13 21:46:22.147000+00:00,1.30623,,
Tick,2024-10-13 21:46:22.711000+00:00,1.30622,1.30664,
Tick,2024-10-13 21:46:26.549000+00:00,,1.30665,
Tick,2024-10-13 21:46:32.854000+00:00,,1.30664,
Tick,2024-10-13 21:46:33.667000+00:00,1.30621,,
Tick,2024-10-13 21:46:43.160000+00:00,1.30622,,
Tick,2024-10-13 21:47:02.273000+00:00,1.30622,,
Tick,2024-10-13 21:47:04.337000+00:00,1.30621,,
Tick,2024-10-13 21:47:15.882000+00:00,1.30622,,
Tick,2024-10-13 21:47:23.087000+00:00,1.30621,1.30663,
Tick,2024-10-13 21:47:41.500000+00:00,1.30631,1.30673,
Tick,2024-10-13 21:47:43.501000+00:00,1.3063,1.30672,
Tick,2024-10-13 21:47:43.568000+00:00,1.30626,1.30669,
Tick,2024-10-13 21:47:44.105000+00:00,1.30623,1.30666,
Tick,2024-10-13 21:47:46.603000+00:00,1.3062,1.30663,
Tick,2024-10-13 21:47:56.709000+00:00,1.30621,,
Tick,2024-10-13 21:48:02.914000+00:00,1.30621,,
Tick,2024-10-13 21:48:03.067000+00:00,1.3062,,
Tick,2024-10-13 21:48:03.154000+00:00,,1.30662,
Tick,2024-10-13 21:48:05.215000+00:00,,1.30663,
Tick,2024-10-13 21:48:06.780000+00:00,1.30623,1.30665,
Tick,2024-10-13 21:48:06.780000+00:00,1.30621,1.30663,
Tick,2024-10-13 21:48:06.792000+00:00,1.30622,1.30665,
Tick,2024-10-13 21:48:06.951000+00:00,1.30623,1.30666,
Tick,2024-10-13 21:48:07.795000+00:00,1.30622,1.30665,
Tick,2024-10-13 21:48:07.801000+00:00,1.30623,1.30666,
Tick,2024-10-13 21:48:07.862000+00:00,1.30622,1.30664,
Tick,2024-10-13 21:48:07.877000+00:00,1.30621,,
Tick,2024-10-13 21:48:07.891000+00:00,1.3062,1.30663,
Tick,2024-10-13 21:48:13.667000+00:00,1.30622,1.30664,
Tick,2024-10-13 21:48:13.731000+00:00,1.30621,,
Tick,2024-10-13 21:48:22.026000+00:00,1.30622,,
Tick,2024-10-13 21:48:22.568000+00:00,1.30621,1.30663,
Tick,2024-10-13 21:48:33.956000+00:00,1.30622,1.30664,
Tick,2024-10-13 21:48:37.884000+00:00,1.30621,1.30663,
Tick,2024-10-13 21:48:54.733000+00:00,1.3062,1.30662,
Tick,2024-10-13 21:48:54.780000+00:00,1.30622,1.30664,
Tick,2024-10-13 21:48:54.784000+00:00,1.30621,,
Tick,2024-10-13 21:48:54.875000+00:00,1.30622,1.30665,
Tick,2024-10-13 21:48:56.066000+00:00,1.30621,1.30664,
Tick,2024-10-13 21:48:56.073000+00:00,1.30622,1.30665,
Tick,2024-10-13 21:49:00.653000+00:00,1.30622,,
Tick,2024-10-13 21:49:08.238000+00:00,1.30623,1.30666,
Tick,2024-10-13 21:49:11.502000+00:00,1.30622,1.30665,
Tick,2024-10-13 21:49:13.010000+00:00,1.30623,1.30666,
Tick,2024-10-13 21:49:26.085000+00:00,1.30626,1.30669,
Tick,2024-10-13 21:49:26.149000+00:00,1.3063,1.30673,
Tick,2024-10-13 21:49:26.170000+00:00,1.30626,1.30669,
Tick,2024-10-13 21:49:26.203000+00:00,1.30623,1.30666,
Tick,2024-10-13 21:49:32.014000+00:00,1.30624,,
Tick,2024-10-13 21:49:35.176000+00:00,1.30623,,
Tick,2024-10-13 21:49:55.589000+00:00,1.30625,1.30668,
Tick,2024-10-13 21:49:56.090000+00:00,1.30628,1.30671,
Tick,2024-10-13 21:50:05.767000+00:00,1.30625,1.30668,
Tick,2024-10-13 21:50:06.387000+00:00,1.30623,1.30666,
Tick,2024-10-13 21:50:11.382000+00:00,1.30624,1.30667,
Tick,2024-10-13 21:50:26.711000+00:00,1.30623,1.30666,
Tick,2024-10-13 21:50:26.769000+00:00,1.30624,1.30667,
Tick,2024-10-13 21:50:27.181000+00:00,1.30623,1.30666,
Tick,2024-10-13 21:50:29.011000+00:00,1.30624,1.30667,
Tick,2024-10-13 21:50:29.469000+00:00,1.30623,1.30666,
Tick,2024-10-13 21:50:31.463000+00:00,1.30624,1.30667,
Tick,2024-10-13 21:50:40.220000+00:00,1.30625,,
Tick,2024-10-13 21:50:44.127000+00:00,1.30627,1.30669,
Tick,2024-10-13 21:50:48.376000+00:00,1.30625,1.30668,
Tick,2024-10-13 21:50:52.080000+00:00,,1.30667,
Tick,2024-10-13 21:50:52.129000+00:00,1.30624,,
Tick,2024-10-13 21:50:52.577000+00:00,1.30625,1.30668,
Tick,2024-10-13 21:50:53.606000+00:00,1.30624,1.30667,
Tick,2024-10-13 21:50:57.970000+00:00,1.30625,1.30668,
Tick,2024-10-13 21:51:03.625000+00:00,1.30625,,
Tick,2024-10-13 21:51:03.705000+00:00,1.30624,1.30667,
Tick,2024-10-13 21:51:05.708000+00:00,1.30625,1.30668,
Tick,2024-10-13 21:51:06.041000+00:00,1.30624,1.30667,
Tick,2024-10-13 21:51:07.871000+00:00,1.30625,1.30668,
Tick,2024-10-13 21:51:17.469000+00:00,1.30626,,
Tick,2024-10-13 21:51:21.448000+00:00,1.30625,1.30667,
Tick,2024-10-13 21:51:25.451000+00:00,1.30627,1.30669,
Tick,2024-10-13 21:51:26.465000+00:00,1.30625,1.30667,
Tick,2024-10-13 21:51:26.710000+00:00,1.30626,1.30668,
Tick,2024-10-13 21:51:40.870000+00:00,,1.30669,
Tick,2024-10-13 21:51:41.442000+00:00,,1.30668,
Tick,2024-10-13 21:51:41.506000+00:00,,1.30669,
Tick,2024-10-13 21:51:42.562000+00:00,1.30625,1.30668,
Tick,2024-10-13 21:51:58.073000+00:00,1.30628,1.30671,
Tick,2024-10-13 21:51:58.270000+00:00,1.30629,1.30672,
Tick,2024-10-13 21:52:03.247000+00:00,1.30629,,
Tick,2024-10-13 21:52:03.251000+00:00,1.30626,1.30668,
Tick,2024-10-13 21:52:03.324000+00:00,1.30628,1.30671,
Tick,2024-10-13 21:52:04.869000+00:00,1.30627,1.3067,
Tick,2024-10-13 21:52:10.168000+00:00,1.30628,1.30671,
Tick,2024-10-13 21:52:18.477000+00:00,1.30627,1.30669,
Tick,2024-10-13 21:52:18.483000+00:00,1.30628,1.3067,
Tick,2024-10-13 21:52:18.497000+00:00,1.30627,1.30669,
Tick,2024-10-13 21:52:29.470000+00:00,1.30626,,
Tick,2024-10-13 21:52:35.769000+00:00,,1.30668,
Tick,2024-10-13 21:52:36.250000+00:00,1.30627,1.30669,
Tick,2024-10-13 21:52:49.108000+00:00,1.30625,1.30668,
Tick,2024-10-13 21:52:49.871000+00:00,1.30628,1.30671,
Tick,2024-10-13 21:52:53.511000+00:00,1.30629,1.30672,
Tick,2024-10-13 21:52:57.617000+00:00,1.30628,1.30671,
Tick,2024-10-13 21:52:57.635000+00:00,1.30626,1.30669,
Tick,2024-10-13 21:52:59.994000+00:00,1.30627,1.3067,
Tick,2024-10-13 21:53:01.570000+00:00,1.30627,,
Tick,2024-10-13 21:53:09.321000+00:00,1.30628,1.30671,
Tick,2024-10-13 21:53:09.432000+00:00,1.30627,1.3067,
Tick,2024-10-13 21:53:09.440000+00:00,1.30628,1.30671,
Tick,2024-10-13 21:53:09.522000+00:00,1.30627,1.3067,
Tick,2024-10-13 21:53:13.424000+00:00,1.30629,1.30672,
Tick,2024-10-13 21:53:29.651000+00:00,1.30628,1.30671,
Tick,2024-10-13 21:53:29.723000+00:00,1.30629,1.30672,
Tick,2024-10-13 21:53:29.755000+00:00,1.30628,1.30671,
Tick,2024-10-13 21:53:50.550000+00:00,1.30629,1.30672,
Tick,2024-10-13 21:53:59.957000+00:00,1.30627,1.3067,
Tick,2024-10-13 21:54:02.558000+00:00,1.30628,1.30671,
Tick,2024-10-13 21:54:07.607000+00:00,1.3063,1.30673,
Tick,2024-10-13 21:54:10.116000+00:00,1.30628,1.30671,
Tick,2024-10-13 21:54:26.173000+00:00,1.3063,1.30672,
Tick,2024-10-13 21:54:26.374000+00:00,1.30628,1.30671,
Tick,2024-10-13 21:54:30.177000+00:00,1.30629,1.30672,
Tick,2024-10-13 21:54:38.102000+00:00,1.30631,1.30674,
Tick,2024-10-13 21:54:38.105000+00:00,1.3063,1.30672,
Tick,2024-10-13 21:54:38.105000+00:00,1.30631,1.30673,
Tick,2024-10-13 21:54:38.106000+00:00,1.3063,1.30672,
Tick,2024-10-13 21:54:38.124000+00:00,,1.30673,
Tick,2024-10-13 21:54:38.128000+00:00,1.30631,,
Tick,2024-10-13 21:54:38.148000+00:00,1.30632,1.30675,
Tick,2024-10-13 21:54:38.161000+00:00,1.30631,1.30674,
Tick,2024-10-13 21:54:38.164000+00:00,1.3063,,
Tick,2024-10-13 21:54:38.168000+00:00,1.30631,1.30675,
Tick,2024-10-13 21:54:38.214000+00:00,1.30632,1.30676,
Tick,2024-10-13 21:54:38.254000+00:00,1.30631,1.30675,
Tick,2024-10-13 21:54:38.288000+00:00,1.3063,1.30673,
Tick,2024-10-13 21:54:38.293000+00:00,1.30631,1.30674,
Tick,2024-10-13 21:54:38.594000+00:00,1.30632,,
Tick,2024-10-13 21:54:39.068000+00:00,1.30631,,
Tick,2024-10-13 21:54:42.998000+00:00,1.3063,1.30673,
Tick,2024-10-13 21:54:51.920000+00:00,1.30631,1.30674,
Tick,2024-10-13 21:54:51.920000+00:00,1.3063,1.30673,
Tick,2024-10-13 21:54:51.933000+00:00,1.30631,1.30674,
Tick,2024-10-13 21:54:57.367000+00:00,1.3063,1.30673,
Tick,2024-10-13 21:54:57.429000+00:00,1.30631,1.30674,
Tick,2024-10-13 21:55:00.938000+00:00,1.30631,,
Tick,2024-10-13 21:55:00.998000+00:00,1.30632,,
Tick,2024-10-13 21:55:03.965000+00:00,1.30633,1.30675,
Tick,2024-10-13 21:55:09.065000+00:00,1.30632,1.30674,
Tick,2024-10-13 21:55:21.440000+00:00,1.30631,,
Tick,2024-10-13 21:55:30.335000+00:00,1.30632,1.30675,
Tick,2024-10-13 21:55:30.418000+00:00,,1.30674,
Tick,2024-10-13 21:55:32.165000+00:00,1.30631,,
Tick,2024-10-13 21:55:37.345000+00:00,1.30632,1.30675,
Tick,2024-10-13 21:56:02.538000+00:00,1.30633,1.30676,
Tick,2024-10-13 21:56:02.561000+00:00,1.30632,1.30675,
Tick,2024-10-13 21:56:06.965000+00:00,1.30633,1.30676,
Tick,2024-10-13 21:56:22.453000+00:00,1.30636,1.30679,
Tick,2024-10-13 21:56:22.470000+00:00,1.30633,1.30676,
Tick,2024-10-13 21:56:23.082000+00:00,1.30634,1.30677,
Tick,2024-10-13 21:56:23.091000+00:00,1.30633,1.30676,
Tick,2024-10-13 21:56:34.029000+00:00,1.30634,1.30677,
Tick,2024-10-13 21:56:44.535000+00:00,1.30636,1.30679,
Tick,2024-10-13 21:56:44.539000+00:00,1.30637,1.3068,
Tick,2024-10-13 21:56:44.567000+00:00,1.30636,1.30679,
Tick,2024-10-13 21:56:44.579000+00:00,1.30637,1.3068,
Tick,2024-10-13 21:56:44.608000+00:00,1.30636,1.30679,
Tick,2024-10-13 21:56:44.695000+00:00,1.30637,1.3068,
Tick,2024-10-13 21:56:45.084000+00:00,1.30638,1.30681,
Tick,2024-10-13 21:56:53.477000+00:00,1.30639,,
Tick,2024-10-13 21:57:13.087000+00:00,1.30644,1.30686,
Tick,2024-10-13 21:57:13.552000+00:00,1.30641,1.30683,
Tick,2024-10-13 21:57:14.736000+00:00,1.3064,,
Tick,2024-10-13 21:57:15.067000+00:00,1.30641,1.30684,
Tick,2024-10-13 21:57:15.144000+00:00,1.3064,1.30683,
Tick,2024-10-13 21:57:24.969000+00:00,1.30641,1.30684,
Tick,2024-10-13 21:57:30.917000+00:00,1.30642,,
Tick,2024-10-13 21:57:34.501000+00:00,1.30641,1.30683,
Tick,2024-10-13 21:57:39.508000+00:00,1.30643,1.30685,
Tick,2024-10-13 21:57:51.711000+00:00,1.30644,1.30686,
Tick,2024-10-13 21:58:14.325000+00:00,1.30645,1.30687,
Tick,2024-10-13 21:58:24.532000+00:00,1.30644,1.30686,
Tick,2024-10-13 21:58:38.075000+00:00,1.30646,1.30688,
Tick,2024-10-13 21:58:40.284000+00:00,1.30645,1.30686,
Tick,2024-10-13 21:58:55.052000+00:00,1.30646,1.30687,
Tick,2024-10-13 21:58:55.816000+00:00,1.30647,1.30688,
Tick,2024-10-13 21:59:06.367000+00:00,1.30647,,
Tick,2024-10-13 21:59:12.662000+00:00,,1.30689,
Tick,2024-10-13 21:59:17.855000+00:00,1.30648,1.3069,
Tick,2024-10-13 21:59:18.974000+00:00,1.30647,1.30689,
Tick,2024-10-13 21:59:29.583000+00:00,1.30655,1.30697,
Tick,2024-10-13 21:59:35.878000+00:00,1.30663,1.30705,
Tick,2024-10-13 21:59:37.571000+00:00,1.30656,1.30698,
Tick,2024-10-13 21:59:37.579000+00:00,1.3065,1.30692,
Tick,2024-10-13 21:59:38.167000+00:00,1.30651,1.30693,
Tick,2024-10-13 21:59:39.753000+00:00,1.30649,1.30691,
Tick,2024-10-13 22:00:00.005000+00:00,1.30646,1.30687,
Tick,2024-10-13 22:00:00.067000+00:00,1.30638,1.30679,
Tick,2024-10-13 22:00:00.070000+00:00,1.30637,1.30678,
Tick,2024-10-13 22:00:00.098000+00:00,1.30629,1.3067,
Tick,2024-10-13 22:00:00.104000+00:00,1.30621,1.30662,
Tick,2024-10-13 22:00:00.128000+00:00,1.30614,1.30655,
Tick,2024-10-13 22:00:00.149000+00:00,1.30618,1.30659,
Tick,2024-10-13 22:00:00.199000+00:00,1.30619,1.3066,
Tick,2024-10-13 22:00:00.247000+00:00,1.30627,1.30668,
Tick,2024-10-13 22:00:00.299000+00:00,1.30635,1.30676,
Tick,2024-10-13 22:00:00.357000+00:00,1.30639,1.3068,
Tick,2024-10-13 22:00:00.396000+00:00,1.30644,1.30688,
Tick,2024-10-13 22:00:00.397000+00:00,1.30646,1.3069,
Tick,2024-10-13 22:00:00.397000+00:00,1.30638,1.30682,
Tick,2024-10-13 22:00:00.400000+00:00,1.30648,1.30692,
Tick,2024-10-13 22:00:00.401000+00:00,1.30649,1.30693,
Tick,2024-10-13 22:00:00.419000+00:00,1.30653,1.30697,
Tick,2024-10-13 22:00:00.420000+00:00,1.30652,1.30696,
Tick,2024-10-13 22:00:00.450000+00:00,1.30653,1.30697,
Tick,2024-10-13 22:00:00.490000+00:00,1.30656,1.30699,
Tick,2024-10-13 22:00:00.499000+00:00,1.30657,1.30701,
Tick,2024-10-13 22:00:00.537000+00:00,1.30649,1.30693,
Tick,2024-10-13 22:00:00.613000+00:00,1.30645,1.30689,
Tick,2024-10-13 22:00:00.613000+00:00,1.30642,1.30686,
Tick,2024-10-13 22:00:00.614000+00:00,1.30645,1.30689,
Tick,2024-10-13 22:00:00.614000+00:00,1.30643,1.30687,
Tick,2024-10-13 22:00:00.614000+00:00,1.30645,1.30689,
Tick,2024-10-13 22:00:00.625000+00:00,1.3064,1.30683,
Tick,2024-10-13 22:00:00.628000+00:00,1.30641,1.30684,
Tick,2024-10-13 22:00:00.638000+00:00,1.30642,1.30685,
Tick,2024-10-13 22:00:00.718000+00:00,1.3064,1.30684,
Tick,2024-10-13 22:00:00.722000+00:00,1.30635,1.30678,
Tick,2024-10-13 22:00:00.848000+00:00,1.30634,1.30677,
Tick,2024-10-13 22:00:01.002000+00:00,1.30631,1.30674,
Tick,2024-10-13 22:00:01.003000+00:00,1.30628,1.30671,
Tick,2024-10-13 22:00:01.068000+00:00,1.30634,1.30677,
Tick,2024-10-13 22:00:01.071000+00:00,1.30628,1.30671,
Tick,2024-10-13 22:00:01.076000+00:00,1.30619,1.30664,
Tick,2024-10-13 22:00:01.092000+00:00,1.3062,,
Tick,2024-10-13 22:00:01.092000+00:00,1.30623,1.30667,
Tick,2024-10-13 22:00:01.093000+00:00,1.30628,1.30671,
Tick,2024-10-13 22:00:01.093000+00:00,1.30624,1.30667,
Tick,2024-10-13 22:00:01.094000+00:00,1.30629,1.30672,
Tick,2024-10-13 22:00:01.096000+00:00,1.30625,1.30669,
Tick,2024-10-13 22:00:01.096000+00:00,1.30623,1.30667,
Tick,2024-10-13 22:00:01.096000+00:00,1.30624,1.30668,
Tick,2024-10-13 22:00:01.097000+00:00,1.30625,1.30669,
Tick,2024-10-13 22:00:01.098000+00:00,1.30626,1.3067,
Tick,2024-10-13 22:00:01.099000+00:00,1.30629,1.30674,
Tick,2024-10-13 22:00:01.117000+00:00,1.30637,1.30682,
Tick,2024-10-13 22:00:01.137000+00:00,1.30645,1.3069,
Tick,2024-10-13 22:00:01.147000+00:00,1.30651,1.30696,
Tick,2024-10-13 22:00:01.148000+00:00,1.30653,1.30698,
Tick,2024-10-13 22:00:01.150000+00:00,1.30651,1.30696,
Tick,2024-10-13 22:00:01.150000+00:00,1.30652,1.30697,
Tick,2024-10-13 22:00:01.151000+00:00,1.30648,1.30693,
Tick,2024-10-13 22:00:01.152000+00:00,1.3065,1.30695,
Tick,2024-10-13 22:00:01.152000+00:00,1.30651,1.30696,
Tick,2024-10-13 22:00:01.157000+00:00,1.30648,1.30693,
Tick,2024-10-13 22:00:01.166000+00:00,1.30649,1.30694,
Tick,2024-10-13 22:00:01.167000+00:00,1.30647,1.30692,
Tick,2024-10-13 22:00:01.168000+00:00,1.30646,1.30691,
Tick,2024-10-13 22:00:01.170000+00:00,1.30643,1.30688,
Tick,2024-10-13 22:00:01.172000+00:00,1.30645,1.3069,
Tick,2024-10-13 22:00:01.172000+00:00,1.30646,1.30691,
Tick,2024-10-13 22:00:01.204000+00:00,1.30645,1.3069,
Tick,2024-10-13 22:00:01.205000+00:00,1.30644,1.30689,
Tick,2024-10-13 22:00:01.318000+00:00,1.30645,1.3069,
Tick,2024-10-13 22:00:01.319000+00:00,1.30646,1.30691,
Tick,2024-10-13 22:00:01.320000+00:00,1.30645,1.3069,
Tick,2024-10-13 22:00:01.322000+00:00,1.30644,1.30689,
Tick,2024-10-13 22:00:01.695000+00:00,1.30645,1.3069,
Tick,2024-10-13 22:00:02.117000+00:00,,1.30689,
Tick,2024-10-13 22:00:02.117000+00:00,1.30644,1.30688,
Tick,2024-10-13 22:00:02.199000+00:00,1.30643,1.30687,
Tick,2024-10-13 22:00:02.201000+00:00,1.30637,1.30681,
Tick,2024-10-13 22:00:02.380000+00:00,1.30632,1.30675,
Tick,2024-10-13 22:00:02.395000+00:00,1.30634,1.30676,
Tick,2024-10-13 22:00:02.496000+00:00,1.30631,1.30673,
Tick,2024-10-13 22:00:02.639000+00:00,1.30633,1.30675,
Tick,2024-10-13 22:00:02.640000+00:00,1.30638,1.30681,
Tick,2024-10-13 22:00:02.640000+00:00,1.30641,1.30685,
Tick,2024-10-13 22:00:02.641000+00:00,1.30642,1.30686,
Tick,2024-10-13 22:00:02.641000+00:00,1.30644,1.30688,
Tick,2024-10-13 22:00:02.696000+00:00,1.30652,1.30696,
Tick,2024-10-13 22:00:02.725000+00:00,1.30659,1.30703,
Tick,2024-10-13 22:00:02.895000+00:00,1.30652,1.30696,
Tick,2024-10-13 22:00:03.097000+00:00,1.30648,1.30691,
Tick,2024-10-13 22:00:03.160000+00:00,1.30646,1.30689,
Tick,2024-10-13 22:00:03.958000+00:00,1.30645,1.30688,
Tick,2024-10-13 22:00:03.983000+00:00,1.30642,1.30685,
Tick,2024-10-13 22:00:04.053000+00:00,1.30643,1.30686,
Tick,2024-10-13 22:00:04.063000+00:00,1.30644,1.30687,
Tick,2024-10-13 22:00:04.213000+00:00,1.30646,1.3069,
Tick,2024-10-13 22:00:04.498000+00:00,,1.30689,
Tick,2024-10-13 22:00:04.599000+00:00,1.30645,1.30688,
Tick,2024-10-13 22:00:04.805000+00:00,1.30642,1.30686,
Tick,2024-10-13 22:00:04.805000+00:00,1.30641,1.30685,
Tick,2024-10-13 22:00:04.805000+00:00,1.30642,1.30686,
Tick,2024-10-13 22:00:04.833000+00:00,1.30644,1.30688,
Tick,2024-10-13 22:00:05.018000+00:00,1.30646,1.30689,
Tick,2024-10-13 22:00:05.025000+00:00,1.30645,1.30688,
Tick,2024-10-13 22:00:05.038000+00:00,1.30646,1.30689,
Tick,2024-10-13 22:00:05.038000+00:00,1.30644,1.30687,
Tick,2024-10-13 22:00:05.038000+00:00,1.30643,1.30686,
Tick,2024-10-13 22:00:05.039000+00:00,1.30642,1.30685,
Tick,2024-10-13 22:00:05.041000+00:00,1.30643,1.30686,
Tick,2024-10-13 22:00:05.055000+00:00,1.30644,1.30687,
Tick,2024-10-13 22:00:05.519000+00:00,1.3064,1.30682,
Tick,2024-10-13 22:00:05.522000+00:00,1.30639,1.30681,
Tick,2024-10-13 22:00:06.020000+00:00,1.30637,1.30679,
Tick,2024-10-13 22:00:06.049000+00:00,1.30629,1.30672,
Tick,2024-10-13 22:00:06.099000+00:00,1.30624,1.30667,
Tick,2024-10-13 22:00:06.100000+00:00,1.30619,1.30662,
Tick,2024-10-13 22:00:06.147000+00:00,1.30618,1.30661,
Tick,2024-10-13 22:00:06.197000+00:00,1.30619,1.30662,
Tick,2024-10-13 22:00:06.541000+00:00,1.30618,1.30661,
Tick,2024-10-13 22:00:06.595000+00:00,1.30619,1.30662,
Tick,2024-10-13 22:00:06.644000+00:00,1.30625,1.30668,
Tick,2024-10-13 22:00:06.654000+00:00,1.30619,1.30662,
Tick,2024-10-13 22:00:06.655000+00:00,1.30618,1.30661,
Tick,2024-10-13 22:00:06.700000+00:00,1.30617,1.3066,
Tick,2024-10-13 22:00:06.717000+00:00,1.30625,1.30668,
Tick,2024-10-13 22:00:06.720000+00:00,1.30629,1.30671,
Tick,2024-10-13 22:00:06.750000+00:00,1.30625,1.30668,
Tick,2024-10-13 22:00:06.809000+00:00,1.30626,1.30669,
Tick,2024-10-13 22:00:06.860000+00:00,1.30625,1.30668,
Tick,2024-10-13 22:00:06.910000+00:00,1.30626,1.30669,
Tick,2024-10-13 22:00:07.021000+00:00,1.30623,1.30666,
Tick,2024-10-13 22:00:07.022000+00:00,1.30626,1.30669,
Tick,2024-10-13 22:00:07.024000+00:00,1.30625,1.30668,
Tick,2024-10-13 22:00:07.200000+00:00,1.30622,1.30664,
Tick,2024-10-13 22:00:07.255000+00:00,1.30627,1.30669,
Tick,2024-10-13 22:00:08.020000+00:00,1.30619,1.30661,
Tick,2024-10-13 22:00:08.025000+00:00,1.30627,1.30669,
Tick,2024-10-13 22:00:08.037000+00:00,1.30622,1.30664,
Tick,2024-10-13 22:00:08.601000+00:00,1.30623,1.30665,
Tick,2024-10-13 22:00:09.055000+00:00,1.30627,1.30669,
Tick,2024-10-13 22:00:09.361000+00:00,1.30621,1.30663,
Tick,2024-10-13 22:00:09.365000+00:00,1.30627,1.30669,
Tick,2024-10-13 22:00:09.375000+00:00,1.30623,1.30665,
Tick,2024-10-13 22:00:09.495000+00:00,1.30628,1.3067,
Tick,2024-10-13 22:00:09.921000+00:00,1.30625,1.30667,
Tick,2024-10-13 22:00:09.921000+00:00,1.30624,1.30666,
Tick,2024-10-13 22:00:09.922000+00:00,1.30623,1.30665,
Tick,2024-10-13 22:00:09.923000+00:00,1.30622,1.30664,
Tick,2024-10-13 22:00:09.925000+00:00,1.30628,1.3067,
Tick,2024-10-13 22:00:09.941000+00:00,1.30622,1.30664,
Tick,2024-10-13 22:00:10.014000+00:00,1.30621,1.30663,
Tick,2024-10-13 22:00:10.014000+00:00,1.30622,1.30664,
Tick,2024-10-13 22:00:10.015000+00:00,1.30626,1.30669,
Tick,2024-10-13 22:00:10.015000+00:00,1.3063,1.30673,
Tick,2024-10-13 22:00:10.020000+00:00,1.30638,1.30681,
Tick,2024-10-13 22:00:10.071000+00:00,1.30635,1.30679,
Tick,2024-10-13 22:00:10.071000+00:00,1.30639,1.30683,
Tick,2024-10-13 22:00:10.071000+00:00,1.3064,1.30684,
Tick,2024-10-13 22:00:10.102000+00:00,1.30645,1.30689,
Tick,2024-10-13 22:00:10.502000+00:00,1.30653,1.30697,
Tick,2024-10-13 22:00:10.602000+00:00,1.30662,1.30706,
Tick,2024-10-13 22:00:11.027000+00:00,1.30661,1.30705,
Tick,2024-10-13 22:00:11.103000+00:00,1.3066,1.30704,
Tick,2024-10-13 22:00:11.203000+00:00,1.30652,1.30695,
Tick,2024-10-13 22:00:12.025000+00:00,1.30644,1.30687,
Tick,2024-10-13 22:00:12.025000+00:00,1.30638,1.3068,
Tick,2024-10-13 22:00:12.105000+00:00,1.30633,1.30675,
Tick,2024-10-13 22:00:12.200000+00:00,1.30635,1.30677,
Tick,2024-10-13 22:00:12.202000+00:00,1.30633,1.30675,
Tick,2024-10-13 22:00:12.205000+00:00,1.30634,1.30676,
Tick,2024-10-13 22:00:12.250000+00:00,1.30627,1.3067,
Tick,2024-10-13 22:00:12.267000+00:00,1.30629,1.30672,
Tick,2024-10-13 22:00:12.269000+00:00,1.30625,1.30668,
Tick,2024-10-13 22:00:12.272000+00:00,1.30627,1.3067,
Tick,2024-10-13 22:00:12.281000+00:00,1.30633,1.30675,
Tick,2024-10-13 22:00:12.281000+00:00,1.30631,1.30673,
Tick,2024-10-13 22:00:12.304000+00:00,1.30628,1.3066,
Tick,2024-10-13 22:00:12.311000+00:00,1.30616,1.30656,
Tick,2024-10-13 22:00:12.344000+00:00,1.30607,1.30647,
Tick,2024-10-13 22:00:12.358000+00:00,1.30599,1.30639,
Tick,2024-10-13 22:00:12.367000+00:00,1.30607,1.30647,
Tick,2024-10-13 22:00:12.400000+00:00,1.30602,1.30642,
Tick,2024-10-13 22:00:12.419000+00:00,1.306,1.3064,
Tick,2024-10-13 22:00:12.493000+00:00,1.30599,1.30639,
Tick,2024-10-13 22:00:12.676000+00:00,1.30608,1.30648,
Tick,2024-10-13 22:00:12.682000+00:00,1.30616,1.30656,
Tick,2024-10-13 22:00:12.691000+00:00,1.30607,1.30647,
Tick,2024-10-13 22:00:13.035000+00:00,1.30599,1.30639,
Tick,2024-10-13 22:00:13.035000+00:00,1.30607,1.30647,
Tick,2024-10-13 22:00:13.036000+00:00,1.30599,1.30639,
Tick,2024-10-13 22:00:13.036000+00:00,1.30607,1.30647,
Tick,2024-10-13 22:00:13.040000+00:00,1.30615,1.30655,
Tick,2024-10-13 22:00:13.047000+00:00,1.30614,1.30654,
Tick,2024-10-13 22:00:13.048000+00:00,1.30606,1.30646,
Tick,2024-10-13 22:00:13.058000+00:00,1.30597,1.30637,
Tick,2024-10-13 22:00:13.098000+00:00,1.30589,1.30629,
Tick,2024-10-13 22:00:13.116000+00:00,1.30597,1.30637,
Tick,2024-10-13 22:00:13.117000+00:00,1.30606,1.30646,
Tick,2024-10-13 22:00:13.185000+00:00,1.30613,1.30653,
Tick,2024-10-13 22:00:13.186000+00:00,1.30615,1.30655,
Tick,2024-10-13 22:00:13.188000+00:00,1.30613,1.30653,
Tick,2024-10-13 22:00:13.192000+00:00,1.30605,1.30645,
Tick,2024-10-13 22:00:13.198000+00:00,1.30608,1.30638,
Tick,2024-10-13 22:00:13.247000+00:00,1.30595,1.30635,
Tick,2024-10-13 22:00:13.281000+00:00,1.30603,1.30643,
Tick,2024-10-13 22:00:13.283000+00:00,1.30595,1.30635,
Tick,2024-10-13 22:00:13.285000+00:00,1.30603,1.30643,
Tick,2024-10-13 22:00:13.297000+00:00,1.30617,1.30647,
Tick,2024-10-13 22:00:13.339000+00:00,1.30609,1.30649,
Tick,2024-10-13 22:00:13.348000+00:00,1.30614,1.30654,
Tick,2024-10-13 22:00:13.352000+00:00,1.30605,1.30645,
Tick,2024-10-13 22:00:13.353000+00:00,1.30611,1.30651,
Tick,2024-10-13 22:00:13.358000+00:00,1.3061,1.3065,
Tick,2024-10-13 22:00:13.359000+00:00,1.30609,1.30649,
Tick,2024-10-13 22:00:13.360000+00:00,1.30601,1.30641,
Tick,2024-10-13 22:00:13.365000+00:00,1.30592,1.30632,
Tick,2024-10-13 22:00:13.399000+00:00,1.30584,1.30624,
Tick,2024-10-13 22:00:13.428000+00:00,1.30592,1.30632,
Tick,2024-10-13 22:00:13.437000+00:00,1.30601,1.30641,
Tick,2024-10-13 22:00:13.441000+00:00,1.30609,1.30649,
Tick,2024-10-13 22:00:13.493000+00:00,1.30611,1.30651,
Tick,2024-10-13 22:00:13.501000+00:00,1.30616,1.30656,
Tick,2024-10-13 22:00:13.503000+00:00,1.30608,1.30648,
Tick,2024-10-13 22:00:13.505000+00:00,1.30613,1.30653,
Tick,2024-10-13 22:00:13.506000+00:00,1.30612,1.30652,
Tick,2024-10-13 22:00:13.507000+00:00,1.30603,1.30643,
Tick,2024-10-13 22:00:13.536000+00:00,1.30611,1.30651,
Tick,2024-10-13 22:00:13.547000+00:00,1.3061,1.3065,
Tick,2024-10-13 22:00:13.576000+00:00,1.30615,1.30655,
Tick,2024-10-13 22:00:13.587000+00:00,1.30628,1.30659,
Tick,2024-10-13 22:00:13.603000+00:00,1.30636,1.30667,
Tick,2024-10-13 22:00:13.638000+00:00,1.30623,1.30663,
Tick,2024-10-13 22:00:13.645000+00:00,1.30615,1.30655,
Tick,2024-10-13 22:00:13.667000+00:00,1.30629,1.30658,
Tick,2024-10-13 22:00:13.670000+00:00,1.3062,1.30649,
Tick,2024-10-13 22:00:13.692000+00:00,1.30606,1.30646,
Tick,2024-10-13 22:00:13.732000+00:00,1.30599,1.30639,
Tick,2024-10-13 22:00:14.020000+00:00,1.30607,1.30647,
Tick,2024-10-13 22:00:14.029000+00:00,1.3061,1.3065,
Tick,2024-10-13 22:00:14.032000+00:00,1.30602,1.30642,
Tick,2024-10-13 22:00:14.081000+00:00,1.30593,1.30633,
Tick,2024-10-13 22:00:14.096000+00:00,1.30585,1.30625,
Tick,2024-10-13 22:00:14.183000+00:00,1.30593,1.30633,
Tick,2024-10-13 22:00:14.903000+00:00,1.30597,1.30637,
Tick,2024-10-13 22:00:14.909000+00:00,1.30605,1.30645,
Tick,2024-10-13 22:00:14.909000+00:00,1.30614,1.30654,
Tick,2024-10-13 22:00:14.923000+00:00,1.30608,1.30648,
Tick,2024-10-13 22:00:14.971000+00:00,1.306,1.3064,
Tick,2024-10-13 22:00:14.975000+00:00,1.30591,1.30631,
Tick,2024-10-13 22:00:15.019000+00:00,1.30583,1.30623,
Tick,2024-10-13 22:00:15.022000+00:00,1.30581,1.30621,
Tick,2024-10-13 22:00:15.160000+00:00,1.30589,1.3063,
Tick,2024-10-13 22:00:15.160000+00:00,1.30597,1.30638,
Tick,2024-10-13 22:00:15.162000+00:00,1.30601,1.30641,
Tick,2024-10-13 22:00:15.163000+00:00,1.30602,1.30642,
Tick,2024-10-13 22:00:15.164000+00:00,1.30603,1.30643,
Tick,2024-10-13 22:00:15.165000+00:00,1.30604,1.30644,
Tick,2024-10-13 22:00:15.166000+00:00,1.30605,1.30645,
Tick,2024-10-13 22:00:15.167000+00:00,1.30606,1.30646,
Tick,2024-10-13 22:00:15.168000+00:00,1.30607,1.30647,
Tick,2024-10-13 22:00:15.169000+00:00,1.30613,1.30656,
Tick,2024-10-13 22:00:15.188000+00:00,1.30622,1.30665,
Tick,2024-10-13 22:00:15.189000+00:00,1.30621,1.30664,
Tick,2024-10-13 22:00:15.205000+00:00,1.30622,1.30665,
Tick,2024-10-13 22:00:15.205000+00:00,1.30624,1.30667,
Tick,2024-10-13 22:00:15.206000+00:00,1.30628,1.30673,
Tick,2024-10-13 22:00:15.206000+00:00,1.3062,1.30665,
Tick,2024-10-13 22:00:15.209000+00:00,1.30633,1.30678,
Tick,2024-10-13 22:00:15.223000+00:00,1.30642,1.30686,
Tick,2024-10-13 22:00:15.224000+00:00,1.30645,1.30689,
Tick,2024-10-13 22:00:15.225000+00:00,1.30646,1.3069,
Tick,2024-10-13 22:00:15.225000+00:00,1.30647,1.30691,
Tick,2024-10-13 22:00:15.225000+00:00,1.30649,1.30693,
Tick,2024-10-13 22:00:15.227000+00:00,1.3065,1.30694,
Tick,2024-10-13 22:00:15.229000+00:00,1.30642,1.30686,
Tick,2024-10-13 22:00:15.230000+00:00,1.30645,1.30689,
Tick,2024-10-13 22:00:15.232000+00:00,1.30646,1.3069,
Tick,2024-10-13 22:00:15.242000+00:00,1.30647,1.30691,
Tick,2024-10-13 22:00:15.243000+00:00,1.30646,1.30689,
Tick,2024-10-13 22:00:15.405000+00:00,1.30647,1.30691,
Tick,2024-10-13 22:00:15.411000+00:00,1.30648,,
Tick,2024-10-13 22:00:15.659000+00:00,1.3065,1.30694,
Tick,2024-10-13 22:00:15.661000+00:00,1.30649,1.30693,
Tick,2024-10-13 22:00:15.661000+00:00,1.30647,1.30691,
Tick,2024-10-13 22:00:15.661000+00:00,1.30646,1.3069,
Tick,2024-10-13 22:00:16.044000+00:00,1.30642,1.30685,
Tick,2024-10-13 22:00:16.117000+00:00,1.30646,1.3069,
Tick,2024-10-13 22:00:16.151000+00:00,1.30642,1.30685,
Tick,2024-10-13 22:00:16.181000+00:00,1.30644,1.30687,
Tick,2024-10-13 22:00:16.478000+00:00,1.30645,1.30688,
Tick,2024-10-13 22:00:16.813000+00:00,1.30644,1.30687,
Tick,2024-10-13 22:00:17.824000+00:00,1.30643,1.30685,
Tick,2024-10-13 22:00:17.916000+00:00,1.30642,1.30684,
Tick,2024-10-13 22:00:18.627000+00:00,1.30641,1.30683,
Tick,2024-10-13 22:00:18.646000+00:00,1.30642,1.30684,
Tick,2024-10-13 22:00:19.040000+00:00,1.30644,1.30686,
Tick,2024-10-13 22:00:21.776000+00:00,1.30645,1.30687,
Tick,2024-10-13 22:00:22.029000+00:00,1.30646,1.30688,
Tick,2024-10-13 22:00:22.035000+00:00,1.30647,1.30689,
Tick,2024-10-13 22:00:22.126000+00:00,1.30649,1.30691,
Tick,2024-10-13 22:00:22.165000+00:00,1.30648,1.3069,
Tick,2024-10-13 22:00:22.437000+00:00,1.30647,1.30689,
Tick,2024-10-13 22:00:22.595000+00:00,1.30646,1.30688,
Tick,2024-10-13 22:00:22.955000+00:00,1.30647,1.30689,
Tick,2024-10-13 22:00:22.985000+00:00,1.30646,1.30688,
Tick,2024-10-13 22:00:23.045000+00:00,1.30645,1.30687,
Tick,2024-10-13 22:00:24.996000+00:00,1.30646,1.30688,
Tick,2024-10-13 22:00:25.036000+00:00,1.30645,1.30687,
Tick,2024-10-13 22:00:25.086000+00:00,1.30646,1.30688,
Tick,2024-10-13 22:00:27.127000+00:00,1.30648,1.30691,
Tick,2024-10-13 22:00:27.127000+00:00,1.30647,1.3069,
Tick,2024-10-13 22:00:27.127000+00:00,1.30648,1.30691,
Tick,2024-10-13 22:00:27.130000+00:00,1.30647,1.3069,
Tick,2024-10-13 22:00:29.117000+00:00,1.30646,1.30689,
Tick,2024-10-13 22:00:29.119000+00:00,1.30645,1.30688,
Tick,2024-10-13 22:00:29.127000+00:00,1.30646,1.30689,
Tick,2024-10-13 22:00:29.131000+00:00,1.30645,1.30688,
Tick,2024-10-13 22:00:29.133000+00:00,1.30646,1.30689,
Tick,2024-10-13 22:00:30.042000+00:00,1.30648,1.30691,
Tick,2024-10-13 22:00:30.043000+00:00,1.30646,1.30688,
Tick,2024-10-13 22:00:30.050000+00:00,,1.30689,
Tick,2024-10-13 22:00:30.061000+00:00,1.30645,1.30688,
Tick,2024-10-13 22:00:30.072000+00:00,1.30646,1.30689,
Tick,2024-10-13 22:00:30.157000+00:00,1.30647,1.3069,
Tick,2024-10-13 22:00:30.191000+00:00,1.30648,1.30691,
Tick,2024-10-13 22:00:30.625000+00:00,1.30647,1.3069,
Tick,2024-10-13 22:00:30.688000+00:00,1.30648,1.30691,
Tick,2024-10-13 22:00:30.694000+00:00,1.30649,1.30692,
Tick,2024-10-13 22:00:30.694000+00:00,1.3065,1.30693,
Tick,2024-10-13 22:00:30.695000+00:00,1.30648,1.30691,
Tick,2024-10-13 22:00:30.732000+00:00,1.30647,1.3069,
Tick,2024-10-13 22:00:30.793000+00:00,1.30648,1.30691,
Tick,2024-10-13 22:00:32.162000+00:00,1.30647,1.3069,
Tick,2024-10-13 22:00:32.300000+00:00,1.30646,1.30689,
Tick,2024-10-13 22:00:32.323000+00:00,1.30645,1.30688,
Tick,2024-10-13 22:00:32.328000+00:00,1.30646,1.30689,
Tick,2024-10-13 22:00:32.433000+00:00,1.30645,1.30688,
Tick,2024-10-13 22:00:33.144000+00:00,1.30644,,
Tick,2024-10-13 22:00:33.148000+00:00,1.30645,,
Tick,2024-10-13 22:00:33.153000+00:00,1.30644,,
Tick,2024-10-13 22:00:33.234000+00:00,1.30643,1.30686,
Tick,2024-10-13 22:00:33.317000+00:00,1.30644,1.30687,
Tick,2024-10-13 22:00:33.369000+00:00,1.30643,1.30686,
Tick,2024-10-13 22:00:33.386000+00:00,1.30642,1.30685,
Tick,2024-10-13 22:00:33.386000+00:00,1.30645,1.30688,
Tick,2024-10-13 22:00:33.423000+00:00,1.30644,1.30687,
Tick,2024-10-13 22:00:35.063000+00:00,1.30641,1.30684,
Tick,2024-10-13 22:00:35.068000+00:00,1.3064,1.30683,
Tick,2024-10-13 22:00:35.073000+00:00,1.30641,1.30684,
Tick,2024-10-13 22:00:35.084000+00:00,1.30637,1.30679,
Tick,2024-10-13 22:00:35.109000+00:00,1.30638,1.3068,
Tick,2024-10-13 22:00:35.152000+00:00,1.30637,1.30679,
Tick,2024-10-13 22:00:35.324000+00:00,1.30639,1.3068,
Tick,2024-10-13 22:00:35.435000+00:00,1.30637,1.30678,
Tick,2024-10-13 22:00:35.526000+00:00,1.30636,1.30677,
Tick,2024-10-13 22:00:35.563000+00:00,1.30634,1.30675,
Tick,2024-10-13 22:00:35.596000+00:00,1.30633,1.30674,
Tick,2024-10-13 22:00:35.600000+00:00,1.30635,1.30676,
Tick,2024-10-13 22:00:35.605000+00:00,1.30634,,
Tick,2024-10-13 22:00:35.662000+00:00,1.30631,1.30673,
Tick,2024-10-13 22:00:35.859000+00:00,1.3063,1.30672,
Tick,2024-10-13 22:00:36.361000+00:00,1.30632,1.30673,
Tick,2024-10-13 22:00:37.864000+00:00,1.30631,1.30672,
Tick,2024-10-13 22:00:40.032000+00:00,1.3063,1.30671,
Tick,2024-10-13 22:00:42.249000+00:00,1.30631,1.30672,
Tick,2024-10-13 22:00:42.278000+00:00,1.30632,1.30673,
Tick,2024-10-13 22:00:42.359000+00:00,1.30633,1.30674,
Tick,2024-10-13 22:00:42.852000+00:00,1.30632,1.30673,
Tick,2024-10-13 22:00:45.342000+00:00,,1.30672,
Tick,2024-10-13 22:00:46.443000+00:00,,1.30673,
Tick,2024-10-13 22:00:46.470000+00:00,1.30636,1.30677,
Tick,2024-10-13 22:00:46.483000+00:00,1.30639,1.30681,
Tick,2024-10-13 22:00:46.499000+00:00,1.3064,1.30682,
Tick,2024-10-13 22:00:46.535000+00:00,1.30639,1.30681,
Tick,2024-10-13 22:00:46.579000+00:00,1.30636,1.30678,
Tick,2024-10-13 22:00:46.580000+00:00,1.30635,1.30677,
Tick,2024-10-13 22:00:46.584000+00:00,1.30637,1.30679,
Tick,2024-10-13 22:00:46.585000+00:00,1.30638,1.3068,
Tick,2024-10-13 22:00:46.720000+00:00,1.30639,1.30681,
Tick,2024-10-13 22:00:47.014000+00:00,1.3064,1.30682,
Tick,2024-10-13 22:00:47.168000+00:00,1.30639,1.30681,
Tick,2024-10-13 22:00:49.177000+00:00,1.30638,,
Tick,2024-10-13 22:00:49.566000+00:00,,1.3068,
Tick,2024-10-13 22:00:49.567000+00:00,1.30637,1.30679,
Tick,2024-10-13 22:00:49.687000+00:00,1.30638,1.30681,
Tick,2024-10-13 22:00:50.166000+00:00,1.30639,,
Tick,2024-10-13 22:00:57.711000+00:00,1.30638,1.3068,
Tick,2024-10-13 22:00:59.548000+00:00,1.30644,1.30686,
Tick,2024-10-13 22:01:00.118000+00:00,1.30637,1.30679,
Tick,2024-10-13 22:01:00.164000+00:00,1.30636,1.30678,
Tick,2024-10-13 22:01:00.235000+00:00,1.30635,1.30677,
Tick,2024-10-13 22:01:00.274000+00:00,1.30631,1.30674,
Tick,2024-10-13 22:01:00.600000+00:00,1.30633,1.30676,
Tick,2024-10-13 22:01:00.613000+00:00,1.30634,1.30677,
Tick,2024-10-13 22:01:00.613000+00:00,1.30632,1.30675,
Tick,2024-10-13 22:01:00.614000+00:00,1.30634,1.30677,
Tick,2024-10-13 22:01:00.802000+00:00,1.30633,1.30676,
Tick,2024-10-13 22:01:00.810000+00:00,1.30634,1.30677,
Tick,2024-10-13 22:01:00.846000+00:00,1.30633,1.30676,
Tick,2024-10-13 22:01:01.373000+00:00,1.30631,1.30674,
Tick,2024-10-13 22:01:01.703000+00:00,1.30629,1.30671,
Tick,2024-10-13 22:01:01.703000+00:00,1.3063,1.30672,
Tick,2024-10-13 22:01:01.703000+00:00,1.30628,1.3067,
Tick,2024-10-13 22:01:01.710000+00:00,1.3063,1.30672,
Tick,2024-10-13 22:01:01.713000+00:00,1.30632,1.30675,
Tick,2024-10-13 22:01:01.714000+00:00,1.30628,1.30669,
Tick,2024-10-13 22:01:01.762000+00:00,1.30632,1.30674,
Tick,2024-10-13 22:01:01.772000+00:00,1.30635,1.30677,
Tick,2024-10-13 22:01:01.772000+00:00,1.30634,1.30676,
Tick,2024-10-13 22:01:01.773000+00:00,1.30632,1.30674,
Tick,2024-10-13 22:01:01.921000+00:00,1.3063,1.30672,
Tick,2024-10-13 22:01:01.933000+00:00,1.30632,1.30674,
Tick,2024-10-13 22:01:01.934000+00:00,1.30634,1.30676,
Tick,2024-10-13 22:01:01.937000+00:00,1.30629,1.3067,
Tick,2024-10-13 22:01:01.937000+00:00,1.30628,1.30669,
Tick,2024-10-13 22:01:02.596000+00:00,1.30627,1.30668,
Tick,2024-10-13 22:01:03.100000+00:00,1.30628,1.3067,
Tick,2024-10-13 22:01:03.125000+00:00,1.30626,1.30668,
Tick,2024-10-13 22:01:03.141000+00:00,1.30625,1.30667,
Tick,2024-10-13 22:01:03.177000+00:00,1.30626,1.30668,
Tick,2024-10-13 22:01:03.216000+00:00,1.30624,1.30666,
Tick,2024-10-13 22:01:03.373000+00:00,1.30623,1.30665,
Tick,2024-10-13 22:01:03.374000+00:00,1.30625,1.30667,
Tick,2024-10-13 22:01:03.464000+00:00,1.30624,1.30666,
Tick,2024-10-13 22:01:03.610000+00:00,1.30623,1.30665,
Tick,2024-10-13 22:01:03.624000+00:00,1.30622,1.30664,
Tick,2024-10-13 22:01:03.852000+00:00,1.30619,1.30662,
Tick,2024-10-13 22:01:03.891000+00:00,1.30617,1.3066,
Tick,2024-10-13 22:01:03.891000+00:00,1.30619,1.30662,
Tick,2024-10-13 22:01:04.128000+00:00,1.30617,1.30659,
Tick,2024-10-13 22:01:04.161000+00:00,,1.3066,
Tick,2024-10-13 22:01:04.213000+00:00,,1.30659,
Tick,2024-10-13 22:01:04.214000+00:00,,1.3066,
Tick,2024-10-13 22:01:04.418000+00:00,1.30618,1.30661,
Tick,2024-10-13 22:01:04.488000+00:00,1.30617,1.30659,
Tick,2024-10-13 22:01:04.508000+00:00,,1.3066,
Tick,2024-10-13 22:01:04.537000+00:00,1.30618,1.30661,
Tick,2024-10-13 22:01:04.580000+00:00,1.30617,1.3066,
Tick,2024-10-13 22:01:04.653000+00:00,1.30618,1.30661,
Tick,2024-10-13 22:01:05.053000+00:00,1.30617,1.30659,
Tick,2024-10-13 22:01:05.329000+00:00,1.30616,1.30658,
Tick,2024-10-13 22:01:05.370000+00:00,1.30617,1.30659,
Tick,2024-10-13 22:01:05.577000+00:00,1.30615,1.30657,
Tick,2024-10-13 22:01:05.577000+00:00,1.30616,1.30658,
Tick,2024-10-13 22:01:05.577000+00:00,1.30614,1.30656,
Tick,2024-10-13 22:01:05.898000+00:00,1.30612,1.30654,
Tick,2024-10-13 22:01:05.900000+00:00,1.30614,1.30656,
Tick,2024-10-13 22:01:05.972000+00:00,1.30613,1.30655,
Tick,2024-10-13 22:01:06.023000+00:00,1.30612,1.30654,
Tick,2024-10-13 22:01:06.053000+00:00,1.30613,1.30655,
Tick,2024-10-13 22:01:06.086000+00:00,1.30611,1.30653,
Tick,2024-10-13 22:01:06.112000+00:00,1.30612,1.30654,
Tick,2024-10-13 22:01:06.119000+00:00,1.30613,1.30655,
Tick,2024-10-13 22:01:06.357000+00:00,1.30614,1.30656,
Tick,2024-10-13 22:01:06.365000+00:00,1.30612,1.30654,
Tick,2024-10-13 22:01:06.655000+00:00,1.30613,1.30655,
Tick,2024-10-13 22:01:07.527000+00:00,1.30614,1.30656,
Tick,2024-10-13 22:01:07.528000+00:00,1.30615,1.30657,
Tick,2024-10-13 22:01:09.457000+00:00,1.30614,1.30656,
Tick,2024-10-13 22:01:10.169000+00:00,1.30612,1.30653,
Tick,2024-10-13 22:01:10.170000+00:00,1.3061,1.30651,
Tick,2024-10-13 22:01:10.171000+00:00,1.30611,1.30652,
Tick,2024-10-13 22:01:10.172000+00:00,1.3061,1.30651,
Tick,2024-10-13 22:01:10.176000+00:00,1.30611,1.30652,
Tick,2024-10-13 22:01:11.094000+00:00,1.30613,1.30655,
Tick,2024-10-13 22:01:11.233000+00:00,1.30612,1.30653,
Tick,2024-10-13 22:01:11.238000+00:00,1.3061,1.30651,
Tick,2024-10-13 22:01:11.254000+00:00,1.30612,1.30653,
Tick,2024-10-13 22:01:11.261000+00:00,,1.30654,
Tick,2024-10-13 22:01:11.261000+00:00,1.30609,1.3065,
Tick,2024-10-13 22:01:11.291000+00:00,1.30612,1.30654,
Tick,2024-10-13 22:01:11.358000+00:00,1.30611,1.30653,
Tick,2024-10-13 22:01:11.377000+00:00,1.3061,1.30652,
Tick,2024-10-13 22:01:11.400000+00:00,1.30611,1.30653,
Tick,2024-10-13 22:01:11.627000+00:00,1.3061,1.30651,
Tick,2024-10-13 22:01:11.631000+00:00,1.30609,1.3065,
Tick,2024-10-13 22:01:11.658000+00:00,1.3061,1.30651,
Tick,2024-10-13 22:01:11.755000+00:00,1.30611,1.30653,
Tick,2024-10-13 22:01:11.767000+00:00,1.30609,1.3065,
Tick,2024-10-13 22:01:11.959000+00:00,1.30611,1.30653,
Tick,2024-10-13 22:01:12.254000+00:00,1.3061,1.30652,
Tick,2024-10-13 22:01:12.254000+00:00,1.30613,1.30655,
Tick,2024-10-13 22:01:12.443000+00:00,1.30611,1.30652,
Tick,2024-10-13 22:01:12.459000+00:00,1.30608,1.30649,
Tick,2024-10-13 22:01:13.484000+00:00,1.30607,1.30648,
Tick,2024-10-13 22:01:15.697000+00:00,1.30609,1.3065,
Tick,2024-10-13 22:01:15.698000+00:00,1.3061,1.30651,
Tick,2024-10-13 22:01:15.762000+00:00,1.30611,1.30652,
Tick,2024-10-13 22:01:15.963000+00:00,1.3061,1.30651,
Tick,2024-10-13 22:01:16.963000+00:00,1.30609,1.3065,
Tick,2024-10-13 22:01:18.802000+00:00,1.30608,1.30649,
Tick,2024-10-13 22:01:19.264000+00:00,1.30607,1.30648,
Tick,2024-10-13 22:01:19.565000+00:00,1.30608,1.30649,
Tick,2024-10-13 22:01:20.165000+00:00,1.30617,1.30659,
Tick,2024-10-13 22:01:20.566000+00:00,1.30608,1.30649,
Tick,2024-10-13 22:01:23.334000+00:00,1.30603,1.30644,
Tick,2024-10-13 22:01:23.368000+00:00,1.30601,1.30642,
Tick,2024-10-13 22:01:23.568000+00:00,1.30602,1.30643,
Tick,2024-10-13 22:01:24.168000+00:00,1.30601,1.30642,
Tick,2024-10-13 22:01:24.868000+00:00,1.30602,1.30643,
Tick,2024-10-13 22:01:25.570000+00:00,1.30605,1.30645,
Tick,2024-10-13 22:01:25.573000+00:00,1.30607,1.30647,
Tick,2024-10-13 22:01:25.670000+00:00,1.30605,1.30646,
Tick,2024-10-13 22:01:26.270000+00:00,1.30602,1.30643,
Tick,2024-10-13 22:01:26.471000+00:00,1.30601,1.30642,
Tick,2024-10-13 22:01:26.970000+00:00,1.30604,1.30644,
Tick,2024-10-13 22:01:27.972000+00:00,1.30603,1.30643,
Tick,2024-10-13 22:01:28.472000+00:00,1.30602,,
Tick,2024-10-13 22:01:31.274000+00:00,1.30603,1.30644,
Tick,2024-10-13 22:01:32.474000+00:00,1.30602,1.30643,
Tick,2024-10-13 22:01:36.678000+00:00,1.30601,1.30642,
Tick,2024-10-13 22:01:36.778000+00:00,1.306,1.30641,
Tick,2024-10-13 22:01:37.678000+00:00,1.30601,,
Tick,2024-10-13 22:01:38.379000+00:00,1.306,,
Tick,2024-10-13 22:01:39.680000+00:00,1.30601,1.30642,
Tick,2024-10-13 22:01:40.481000+00:00,1.306,1.3064,
Tick,2024-10-13 22:01:40.881000+00:00,1.30599,1.30639,
Tick,2024-10-13 22:01:42.082000+00:00,,1.3064,
Tick,2024-10-13 22:01:43.083000+00:00,1.30601,1.30641,
Tick,2024-10-13 22:01:43.783000+00:00,1.30602,1.30642,
Tick,2024-10-13 22:01:46.286000+00:00,1.3061,1.30651,
Tick,2024-10-13 22:01:46.716000+00:00,1.30609,1.3065,
Tick,2024-10-13 22:01:49.088000+00:00,1.30601,1.30641,
Tick,2024-10-13 22:01:50.988000+00:00,1.30598,1.30639,
Tick,2024-10-13 22:01:51.051000+00:00,1.30604,1.30645,
Tick,2024-10-13 22:01:51.086000+00:00,1.306,1.3064,
Tick,2024-10-13 22:01:51.089000+00:00,1.30598,1.30639,
Tick,2024-10-13 22:01:51.190000+00:00,1.30601,1.30641,
Tick,2024-10-13 22:01:51.427000+00:00,1.30602,1.30642,
Tick,2024-10-13 22:01:52.041000+00:00,1.306,1.3064,
Tick,2024-10-13 22:01:54.091000+00:00,1.30602,1.30641,
Tick,2024-10-13 22:02:00.148000+00:00,1.30601,1.30639,
Tick,2024-10-13 22:02:00.996000+00:00,,1.3064,
Tick,2024-10-13 22:02:01.096000+00:00,1.30602,,
Tick,2024-10-13 22:02:01.402000+00:00,,1.30638,
Tick,2024-10-13 22:02:01.497000+00:00,1.30597,1.30637,
Tick,2024-10-13 22:02:02.382000+00:00,,1.30636,
Tick,2024-10-13 22:02:02.497000+00:00,,1.30637,
Tick,2024-10-13 22:02:03.598000+00:00,1.30596,1.30636,
Tick,2024-10-13 22:02:03.602000+00:00,1.30595,1.30635,
Tick,2024-10-13 22:02:03.663000+00:00,1.30601,1.30642,
Tick,2024-10-13 22:02:03.672000+00:00,1.30595,1.30635,
Tick,2024-10-13 22:02:07.822000+00:00,1.30596,1.30636,
Tick,2024-10-13 22:02:08.275000+00:00,,1.30635,
Tick,2024-10-13 22:02:08.278000+00:00,1.30595,,
Tick,2024-10-13 22:02:08.278000+00:00,1.30594,1.30634,
Tick,2024-10-13 22:02:08.302000+00:00,1.30605,1.30625,
Tick,2024-10-13 22:02:08.303000+00:00,,1.30624,
Tick,2024-10-13 22:02:08.344000+00:00,1.30604,,
Tick,2024-10-13 22:02:08.402000+00:00,1.30601,1.30623,
Tick,2024-10-13 22:02:08.534000+00:00,,1.30622,
Tick,2024-10-13 22:02:08.602000+00:00,,1.30621,
Tick,2024-10-13 22:02:09.111000+00:00,,1.30619,
Tick,2024-10-13 22:02:09.120000+00:00,,1.30618,
Tick,2024-10-13 22:02:09.203000+00:00,1.30599,,
Tick,2024-10-13 22:02:11.304000+00:00,1.30601,1.30614,
Tick,2024-10-13 22:02:15.277000+00:00,,1.30613,
Tick,2024-10-13 22:02:15.279000+00:00,,1.30614,
Tick,2024-10-13 22:02:15.301000+00:00,1.306,1.30613,
Tick,2024-10-13 22:02:15.306000+00:00,1.30599,1.30612,
Tick,2024-10-13 22:02:15.331000+00:00,1.30598,1.30611,
Tick,2024-10-13 22:02:15.344000+00:00,1.30599,,
Tick,2024-10-13 22:02:15.348000+00:00,1.30598,,
Tick,2024-10-13 22:02:15.348000+00:00,1.30597,1.3061,
Tick,2024-10-13 22:02:15.363000+00:00,1.30596,1.30609,
Tick,2024-10-13 22:02:15.368000+00:00,1.30597,,
Tick,2024-10-13 22:02:15.368000+00:00,,1.3061,
Tick,2024-10-13 22:02:15.407000+00:00,1.30595,1.30608,
Tick,2024-10-13 22:02:15.507000+00:00,1.30596,1.30609,
Tick,2024-10-13 22:02:15.515000+00:00,1.30595,1.30608,
Tick,2024-10-13 22:02:15.823000+00:00,1.30596,,
Tick,2024-10-13 22:02:15.907000+00:00,1.30595,,
Tick,2024-10-13 22:02:16.244000+00:00,1.30594,1.30607,
Tick,2024-10-13 22:02:21.912000+00:00,1.30595,1.30608,
Tick,2024-10-13 22:02:26.676000+00:00,1.30596,,
Tick,2024-10-13 22:02:26.683000+00:00,1.30597,1.3061,
Tick,2024-10-13 22:02:26.690000+00:00,1.30596,1.30609,
Tick,2024-10-13 22:02:26.715000+00:00,1.30597,1.3061,
Tick,2024-10-13 22:02:26.816000+00:00,1.30598,1.30611,
Tick,2024-10-13 22:02:26.916000+00:00,1.30599,1.30612,
Tick,2024-10-13 22:02:27.716000+00:00,1.30598,1.30611,
Tick,2024-10-13 22:02:30.310000+00:00,1.30597,1.3061,
Tick,2024-10-13 22:02:31.347000+00:00,,1.30609,
Tick,2024-10-13 22:02:31.352000+00:00,,1.3061,
Tick,2024-10-13 22:02:31.353000+00:00,1.30596,1.30609,
Tick,2024-10-13 22:02:31.419000+00:00,1.30594,1.30607,
Tick,2024-10-13 22:02:32.222000+00:00,1.30595,1.30608,
Tick,2024-10-13 22:02:38.037000+00:00,1.30594,1.30607,
Tick,2024-10-13 22:02:39.915000+00:00,1.30595,,
Tick,2024-10-13 22:02:39.916000+00:00,,1.30608,
Tick,2024-10-13 22:02:39.926000+00:00,1.30596,1.30609,
Tick,2024-10-13 22:02:40.627000+00:00,1.30597,1.3061,
Tick,2024-10-13 22:02:44.769000+00:00,1.30596,1.30609,
Tick,2024-10-13 22:02:50.171000+00:00,1.30597,1.3061,
Tick,2024-10-13 22:02:50.234000+00:00,1.30598,1.30611,
Tick,2024-10-13 22:02:50.239000+00:00,1.30599,,
Tick,2024-10-13 22:02:50.243000+00:00,,1.30612,
Tick,2024-10-13 22:02:50.248000+00:00,,1.30611,
Tick,2024-10-13 22:02:50.250000+00:00,1.30598,,
Tick,2024-10-13 22:02:50.335000+00:00,1.306,1.30613,
Tick,2024-10-13 22:02:50.398000+00:00,1.30599,1.30612,
Tick,2024-10-13 22:02:50.755000+00:00,1.306,1.30613,
Tick,2024-10-13 22:02:55.074000+00:00,1.30601,,
Tick,2024-10-13 22:03:00.442000+00:00,1.30602,1.30615,
Tick,2024-10-13 22:03:01.576000+00:00,1.30601,1.30614,
Tick,2024-10-13 22:03:08.801000+00:00,1.30602,,
Tick,2024-10-13 22:03:08.801000+00:00,,1.30615,
Tick,2024-10-13 22:03:08.810000+00:00,,1.30614,
Tick,2024-10-13 22:03:08.827000+00:00,,1.30615,
Tick,2024-10-13 22:03:08.891000+00:00,1.30601,1.30614,
Tick,2024-10-13 22:03:09.544000+00:00,1.30602,1.30615,
Tick,2024-10-13 22:03:09.577000+00:00,,1.30614,
Tick,2024-10-13 22:03:14.252000+00:00,,1.30615,
Tick,2024-10-13 22:03:14.317000+00:00,1.30601,1.30614,
Tick,2024-10-13 22:03:15.262000+00:00,1.30603,1.30615,
Tick,2024-10-13 22:03:15.270000+00:00,1.30601,1.30614,
Tick,2024-10-13 22:03:15.324000+00:00,1.30602,1.30615,
Tick,2024-10-13 22:03:21.784000+00:00,1.30603,1.30616,
Tick,2024-10-13 22:03:21.798000+00:00,1.30604,1.30617,
Tick,2024-10-13 22:03:21.803000+00:00,1.30603,1.30616,
Tick,2024-10-13 22:03:21.892000+00:00,1.30604,1.30617,
Tick,2024-10-13 22:03:23.620000+00:00,1.30605,1.30618,
Tick,2024-10-13 22:03:24.723000+00:00,1.30606,1.30619,
Tick,2024-10-13 22:03:34.742000+00:00,1.30605,1.30617,
Tick,2024-10-13 22:03:35.923000+00:00,1.30604,,
Tick,2024-10-13 22:03:35.970000+00:00,1.30605,1.30618,
Tick,2024-10-13 22:03:39.931000+00:00,1.30604,1.30617,
Tick,2024-10-13 22:03:39.948000+00:00,1.30603,1.30616,
Tick,2024-10-13 22:03:39.966000+00:00,1.30601,1.30614,
Tick,2024-10-13 22:03:39.968000+00:00,1.30602,,
Tick,2024-10-13 22:03:39.973000+00:00,1.30599,1.30612,
Tick,2024-10-13 22:03:39.999000+00:00,1.30598,1.30611,
Tick,2024-10-13 22:03:40.053000+00:00,1.30597,1.3061,
Tick,2024-10-13 22:03:40.151000+00:00,1.30598,1.30611,
Tick,2024-10-13 22:03:40.268000+00:00,1.30597,1.3061,
Tick,2024-10-13 22:03:40.373000+00:00,,1.30609,
Tick,2024-10-13 22:03:40.587000+00:00,,1.3061,
Tick,2024-10-13 22:03:40.594000+00:00,,1.30609,
Tick,2024-10-13 22:03:40.674000+00:00,,1.3061,
Tick,2024-10-13 22:03:40.870000+00:00,1.30598,,
Tick,2024-10-13 22:03:40.951000+00:00,1.30597,,
Tick,2024-10-13 22:03:41.173000+00:00,1.30596,1.30609,
Tick,2024-10-13 22:03:41.177000+00:00,1.30597,1.3061,
Tick,2024-10-13 22:03:41.253000+00:00,1.30598,,
Tick,2024-10-13 22:03:41.274000+00:00,1.30597,,
Tick,2024-10-13 22:03:45.668000+00:00,1.30596,1.30609,
Tick,2024-10-13 22:03:46.266000+00:00,1.30595,1.30608,
Tick,2024-10-13 22:03:46.567000+00:00,1.30596,1.30609,
Tick,2024-10-13 22:03:46.578000+00:00,1.30595,1.30608,
Tick,2024-10-13 22:03:46.779000+00:00,1.30596,1.30609,
Tick,2024-10-13 22:03:47.073000+00:00,1.30595,1.30608,
Tick,2024-10-13 22:03:48.175000+00:00,1.30594,1.30607,
Tick,2024-10-13 22:03:48.197000+00:00,1.30595,1.30608,
Tick,2024-10-13 22:03:49.476000+00:00,1.30594,1.30607,
Tick,2024-10-13 22:03:49.578000+00:00,1.30595,1.30608,
Tick,2024-10-13 22:03:50.381000+00:00,1.30594,1.30607,
Tick,2024-10-13 22:03:50.779000+00:00,1.30595,1.30608,
Tick,2024-10-13 22:03:56.038000+00:00,1.30594,1.30607,
Tick,2024-10-13 22:03:57.087000+00:00,1.30595,,
Tick,2024-10-13 22:03:58.694000+00:00,1.30594,1.30606,
Tick,2024-10-13 22:04:01.103000+00:00,1.30594,1.30607,
Tick,2024-10-13 22:04:02.307000+00:00,1.30593,1.30606,
Tick,2024-10-13 22:04:03.221000+00:00,1.30594,1.30607,
Tick,2024-10-13 22:04:03.223000+00:00,,1.30606,
Tick,2024-10-13 22:04:04.752000+00:00,,1.30607,
Tick,2024-10-13 22:04:11.058000+00:00,1.30591,1.30604,
Tick,2024-10-13 22:04:11.098000+00:00,1.30587,1.306,
Tick,2024-10-13 22:04:11.102000+00:00,1.30586,1.30599,
Tick,2024-10-13 22:04:11.198000+00:00,1.30587,1.306,
Tick,2024-10-13 22:04:11.243000+00:00,1.30588,1.30601,
Tick,2024-10-13 22:04:11.742000+00:00,1.30587,1.306,
Tick,2024-10-13 22:04:13.048000+00:00,1.30586,1.30599,
Tick,2024-10-13 22:04:13.150000+00:00,1.30587,1.306,
Tick,2024-10-13 22:04:16.552000+00:00,1.30588,1.30601,
Tick,2024-10-13 22:04:19.604000+00:00,,1.306,
Tick,2024-10-13 22:04:19.663000+00:00,,1.30601,
Tick,2024-10-13 22:04:21.273000+00:00,1.30589,1.30602,
Tick,2024-10-13 22:04:26.037000+00:00,1.30588,1.30601,
Tick,2024-10-13 22:04:26.039000+00:00,1.30589,1.30602,
Tick,2024-10-13 22:04:26.049000+00:00,1.30588,1.30601,
Tick,2024-10-13 22:04:26.053000+00:00,1.30589,1.30602,
Tick,2024-10-13 22:04:26.072000+00:00,1.3059,1.30603,
Tick,2024-10-13 22:04:26.104000+00:00,1.30591,1.30604,
Tick,2024-10-13 22:04:26.109000+00:00,1.30592,1.30605,
Tick,2024-10-13 22:04:26.209000+00:00,1.30593,1.30606,
Tick,2024-10-13 22:04:26.531000+00:00,1.30594,1.30607,
Tick,2024-10-13 22:04:26.531000+00:00,1.30593,1.30606,
Tick,2024-10-13 22:04:26.531000+00:00,1.30594,1.30607,
Tick,2024-10-13 22:04:26.601000+00:00,1.30593,1.30606,
Tick,2024-10-13 22:04:27.407000+00:00,1.30592,1.30605,
Tick,2024-10-13 22:04:27.540000+00:00,1.30593,1.30606,
Tick,2024-10-13 22:04:27.542000+00:00,1.30592,1.30605,
Tick,2024-10-13 22:04:27.553000+00:00,1.30593,1.30606,
Tick,2024-10-13 22:04:27.961000+00:00,1.30594,1.30607,
Tick,2024-10-13 22:04:27.970000+00:00,,1.30606,
Tick,2024-10-13 22:04:28.003000+00:00,1.30593,,
Tick,2024-10-13 22:04:28.311000+00:00,1.30594,1.30607,
Tick,2024-10-13 22:04:31.624000+00:00,1.30593,1.30606,
Tick,2024-10-13 22:04:33.892000+00:00,1.30594,,
Tick,2024-10-13 22:04:33.894000+00:00,,1.30607,
Tick,2024-10-13 22:04:33.900000+00:00,,1.30606,
Tick,2024-10-13 22:04:33.937000+00:00,1.30596,1.30609,
Tick,2024-10-13 22:04:34.081000+00:00,1.30595,1.30608,
Tick,2024-10-13 22:04:34.136000+00:00,1.30594,1.30607,
Tick,2024-10-13 22:04:37.718000+00:00,,1.30606,
Tick,2024-10-13 22:04:38.744000+00:00,,1.30607,
Tick,2024-10-13 22:04:38.777000+00:00,1.30595,1.30608,
Tick,2024-10-13 22:04:38.783000+00:00,1.30594,1.30607,
Tick,2024-10-13 22:04:38.824000+00:00,1.30595,1.30608,
Tick,2024-10-13 22:04:38.834000+00:00,1.30594,1.30607,
Tick,2024-10-13 22:04:38.853000+00:00,1.30595,1.30608,
Tick,2024-10-13 22:04:38.919000+00:00,1.30594,1.30607,
Tick,2024-10-13 22:04:41.414000+00:00,1.30595,,
Tick,2024-10-13 22:04:41.423000+00:00,,1.30608,
Tick,2024-10-13 22:04:41.466000+00:00,1.30596,1.30609,
Tick,2024-10-13 22:04:41.483000+00:00,1.30595,1.30608,
Tick,2024-10-13 22:04:41.928000+00:00,,1.30607,
Tick,2024-10-13 22:04:41.985000+00:00,1.30594,,
Tick,2024-10-13 22:04:42.040000+00:00,1.30595,1.30608,
Tick,2024-10-13 22:04:42.048000+00:00,1.30594,1.30607,
Tick,2024-10-13 22:04:43.246000+00:00,1.30595,1.30608,
Tick,2024-10-13 22:04:43.362000+00:00,1.30596,1.30609,
Tick,2024-10-13 22:04:43.377000+00:00,1.30597,,
Tick,2024-10-13 22:04:43.471000+00:00,1.30598,1.3061,
Tick,2024-10-13 22:04:43.944000+00:00,1.30597,,
Tick,2024-10-13 22:04:43.971000+00:00,1.30598,1.30611,
Tick,2024-10-13 22:04:49.212000+00:00,1.30599,1.30612,
Tick,2024-10-13 22:04:53.925000+00:00,1.30598,1.30611,
Tick,2024-10-13 22:04:54.630000+00:00,1.306,1.30613,
Tick,2024-10-13 22:04:56.732000+00:00,1.30599,1.30612,
Tick,2024-10-13 22:04:56.746000+00:00,1.30598,1.30611,
Tick,2024-10-13 22:04:56.758000+00:00,1.30599,1.30612,
Tick,2024-10-13 22:05:02.472000+00:00,1.30598,1.30611,
Tick,2024-10-13 22:05:02.775000+00:00,1.30599,1.30612,
Tick,2024-10-13 22:05:06.820000+00:00,1.30596,1.30609,
Tick,2024-10-13 22:05:06.841000+00:00,1.30593,1.30606,
Tick,2024-10-13 22:05:06.869000+00:00,1.30591,1.30604,
Tick,2024-10-13 22:05:06.894000+00:00,1.30592,,
Tick,2024-10-13 22:05:06.898000+00:00,1.30591,,
Tick,2024-10-13 22:05:06.941000+00:00,1.3059,1.30603,
Tick,2024-10-13 22:05:07.072000+00:00,1.30591,1.30604,
Tick,2024-10-13 22:05:07.077000+00:00,1.30592,1.30605,
Tick,2024-10-13 22:05:07.133000+00:00,1.30593,1.30606,
Tick,2024-10-13 22:05:07.140000+00:00,1.30595,1.30608,
Tick,2024-10-13 22:05:07.194000+00:00,1.30596,1.30609,
Tick,2024-10-13 22:05:07.233000+00:00,1.30595,1.30608,
Tick,2024-10-13 22:05:07.483000+00:00,1.30596,,
Tick,2024-10-13 22:05:07.940000+00:00,,1.30609,
Tick,2024-10-13 22:05:07.997000+00:00,1.30597,1.3061,
Tick,2024-10-13 22:05:12.547000+00:00,1.30596,1.30609,
Tick,2024-10-13 22:05:17.170000+00:00,1.30597,1.3061,
Tick,2024-10-13 22:05:25.326000+00:00,1.30598,1.30611,
Tick,2024-10-13 22:05:26.633000+00:00,1.30597,1.3061,
Tick,2024-10-13 22:05:27.494000+00:00,1.30598,,
Tick,2024-10-13 22:05:36.353000+00:00,,1.30611,
Tick,2024-10-13 22:05:38.171000+00:00,1.30597,1.3061,
Tick,2024-10-13 22:05:40.592000+00:00,,1.30609,
Tick,2024-10-13 22:05:43.041000+00:00,1.30596,,
Tick,2024-10-13 22:05:43.042000+00:00,1.30595,1.30608,
Tick,2024-10-13 22:05:43.071000+00:00,1.30594,1.30607,
Tick,2024-10-13 22:05:43.100000+00:00,1.30593,1.30606,
Tick,2024-10-13 22:05:43.105000+00:00,1.30594,1.30607,
Tick,2024-10-13 22:05:43.113000+00:00,1.30593,1.30606,
Tick,2024-10-13 22:05:44.071000+00:00,,1.30605,
Tick,2024-10-13 22:05:44.812000+00:00,,1.30606,
Tick,2024-10-13 22:05:45.170000+00:00,1.30592,1.30605,
Tick,2024-10-13 22:05:45.942000+00:00,1.30593,1.30606,
Tick,2024-10-13 22:05:46.029000+00:00,1.30592,1.30605,
Tick,2024-10-13 22:05:47.531000+00:00,1.30593,,
Tick,2024-10-13 22:05:49.036000+00:00,1.30592,,
Tick,2024-10-13 22:05:50.538000+00:00,1.30593,1.30606,
Tick,2024-10-13 22:06:01.627000+00:00,1.30593,,
Tick,2024-10-13 22:06:01.762000+00:00,1.30594,1.30607,
Tick,2024-10-13 22:06:02.060000+00:00,1.30593,1.30606,
Tick,2024-10-13 22:06:02.083000+00:00,1.30592,1.30605,
Tick,2024-10-13 22:06:02.106000+00:00,1.30591,1.30604,
Tick,2024-10-13 22:06:02.284000+00:00,1.3059,1.30603,
Tick,2024-10-13 22:06:03.082000+00:00,1.30589,1.30602,
Tick,2024-10-13 22:06:03.183000+00:00,1.3059,1.30603,
Tick,2024-10-13 22:06:10.233000+00:00,1.30589,1.30602,
Tick,2024-10-13 22:06:10.281000+00:00,1.30588,1.30601,
Tick,2024-10-13 22:06:11.187000+00:00,,1.306,
Tick,2024-10-13 22:06:12.589000+00:00,1.30587,,
Tick,2024-10-13 22:06:16.471000+00:00,1.30585,1.30598,
Tick,2024-10-13 22:06:16.510000+00:00,1.30584,1.30597,
Tick,2024-10-13 22:06:16.593000+00:00,1.30583,1.30596,
Tick,2024-10-13 22:06:23.332000+00:00,1.30584,,
Tick,2024-10-13 22:06:23.335000+00:00,,1.30597,
Tick,2024-10-13 22:06:23.397000+00:00,1.30585,1.30598,
Tick,2024-10-13 22:06:23.598000+00:00,1.30586,1.30599,
Tick,2024-10-13 22:06:27.052000+00:00,1.30585,1.30598,
Tick,2024-10-13 22:06:27.100000+00:00,1.30583,1.30596,
Tick,2024-10-13 22:06:27.122000+00:00,1.30582,1.30595,
Tick,2024-10-13 22:06:27.140000+00:00,,1.30594,
Tick,2024-10-13 22:06:27.201000+00:00,1.30581,,
Tick,2024-10-13 22:06:31.509000+00:00,,1.30593,
Tick,2024-10-13 22:06:31.556000+00:00,1.30579,1.30592,
Tick,2024-10-13 22:06:43.400000+00:00,1.3058,1.30593,
Tick,2024-10-13 22:06:44.115000+00:00,1.30579,1.30592,
Tick,2024-10-13 22:06:57.581000+00:00,1.3058,1.30593,
Tick,2024-10-13 22:06:58.324000+00:00,1.30579,1.30592,
Tick,2024-10-13 22:07:00.492000+00:00,1.3058,1.30593,
Tick,2024-10-13 22:07:00.498000+00:00,1.30579,1.30592,
Tick,2024-10-13 22:07:00.626000+00:00,1.3058,1.30593,
Tick,2024-10-13 22:07:16.039000+00:00,1.30581,1.30594,
Tick,2024-10-13 22:07:19.240000+00:00,1.3058,1.30592,
Tick,2024-10-13 22:07:19.320000+00:00,1.30579,,
Tick,2024-10-13 22:07:20.521000+00:00,,1.30591,
Tick,2024-10-13 22:07:22.025000+00:00,,1.30592,
Tick,2024-10-13 22:07:23.133000+00:00,1.30578,1.30591,
Tick,2024-10-13 22:07:23.161000+00:00,1.30579,1.30592,
Tick,2024-10-13 22:07:24.341000+00:00,,1.30591,
Tick,2024-10-13 22:07:25.645000+00:00,,1.30592,
Tick,2024-10-13 22:07:36.652000+00:00,1.3058,1.30593,
Tick,2024-10-13 22:07:37.753000+00:00,1.30579,1.30592,
Tick,2024-10-13 22:07:38.354000+00:00,1.3058,1.30593,
Tick,2024-10-13 22:07:38.707000+00:00,1.30579,1.30592,
Tick,2024-10-13 22:07:38.715000+00:00,1.3058,1.30593,
Tick,2024-10-13 22:07:38.854000+00:00,1.30581,1.30594,
Tick,2024-10-13 22:07:38.858000+00:00,1.3058,1.30593,
Tick,2024-10-13 22:07:38.954000+00:00,1.30581,1.30594,
Tick,2024-10-13 22:07:42.893000+00:00,1.3058,1.30593,
Tick,2024-10-13 22:07:44.759000+00:00,1.30579,1.30592,
Tick,2024-10-13 22:07:45.160000+00:00,1.30578,1.30591,
Tick,2024-10-13 22:07:45.331000+00:00,1.30579,1.30592,
Tick,2024-10-13 22:07:50.041000+00:00,1.30578,1.30591,
Tick,2024-10-13 22:07:50.044000+00:00,1.30577,1.3059,
Tick,2024-10-13 22:07:50.063000+00:00,1.30576,1.30589,
Tick,2024-10-13 22:07:50.109000+00:00,1.30575,1.30588,
Tick,2024-10-13 22:07:50.194000+00:00,,1.30587,
Tick,2024-10-13 22:07:50.293000+00:00,1.30574,,
Tick,2024-10-13 22:07:51.224000+00:00,1.30575,,
Tick,2024-10-13 22:07:53.130000+00:00,1.30574,,
Tick,2024-10-13 22:07:54.353000+00:00,,1.30586,
Tick,2024-10-13 22:07:54.355000+00:00,,1.30587,
Tick,2024-10-13 22:07:54.372000+00:00,1.30573,1.30586,
Tick,2024-10-13 22:07:54.448000+00:00,1.30572,1.30585,
Tick,2024-10-13 22:07:59.796000+00:00,1.30571,1.30584,
Tick,2024-10-13 22:07:59.803000+00:00,1.3057,1.30583,
Tick,2024-10-13 22:07:59.814000+00:00,1.30569,1.30582,
Tick,2024-10-13 22:07:59.870000+00:00,1.30566,1.30579,
Tick,2024-10-13 22:07:59.874000+00:00,1.30565,1.30578,
Tick,2024-10-13 22:07:59.970000+00:00,1.30563,1.30576,
Tick,2024-10-13 22:07:59.977000+00:00,1.30564,1.30577,
Tick,2024-10-13 22:08:00.038000+00:00,1.30564,,
Tick,2024-10-13 22:08:00.070000+00:00,1.30565,1.30578,
Tick,2024-10-13 22:08:08.244000+00:00,1.30564,1.30577,
Tick,2024-10-13 22:08:08.283000+00:00,1.30563,1.30576,
Tick,2024-10-13 22:08:08.284000+00:00,1.30564,1.30577,
Tick,2024-10-13 22:08:08.381000+00:00,1.30563,1.30576,
Tick,2024-10-13 22:08:08.770000+00:00,1.30564,1.30577,
Tick,2024-10-13 22:08:09.368000+00:00,,1.30576,
Tick,2024-10-13 22:08:11.226000+00:00,1.30563,,
Tick,2024-10-13 22:08:11.380000+00:00,,1.30575,
Tick,2024-10-13 22:08:11.479000+00:00,,1.30576,
Tick,2024-10-13 22:08:14.785000+00:00,,1.30575,
Tick,2024-10-13 22:08:16.567000+00:00,,1.30576,
Tick,2024-10-13 22:08:21.486000+00:00,1.30562,1.30575,
Tick,2024-10-13 22:08:22.036000+00:00,1.30561,1.30574,
Tick,2024-10-13 22:08:44.106000+00:00,1.3056,1.30573,
Tick,2024-10-13 22:08:45.713000+00:00,1.30561,,
Tick,2024-10-13 22:08:47.116000+00:00,1.3056,,
Tick,2024-10-13 22:08:47.155000+00:00,1.30561,1.30574,
Tick,2024-10-13 22:08:47.176000+00:00,1.30562,1.30575,
Tick,2024-10-13 22:08:47.236000+00:00,1.30563,1.30576,
Tick,2024-10-13 22:08:47.250000+00:00,1.30564,1.30577,
Tick,2024-10-13 22:08:47.257000+00:00,,1.30576,
Tick,2024-10-13 22:08:47.291000+00:00,1.30563,,
Tick,2024-10-13 22:08:47.356000+00:00,1.30564,1.30577,
Tick,2024-10-13 22:08:48.359000+00:00,1.30565,,
Tick,2024-10-13 22:08:51.690000+00:00,1.30564,,
Tick,2024-10-13 22:08:53.407000+00:00,,1.30576,
Tick,2024-10-13 22:08:58.642000+00:00,,1.30577,
Tick,2024-10-13 22:08:59.915000+00:00,1.30565,1.30578,
Tick,2024-10-13 22:09:00.016000+00:00,1.30566,1.30579,
Tick,2024-10-13 22:09:00.116000+00:00,1.30565,1.30578,
Tick,2024-10-13 22:09:02.835000+00:00,,1.30577,
Tick,2024-10-13 22:09:02.918000+00:00,1.30564,,
Tick,2024-10-13 22:09:10.444000+00:00,,1.30576,
Tick,2024-10-13 22:09:11.524000+00:00,1.30563,,
Tick,2024-10-13 22:09:17.661000+00:00,1.30564,1.30577,
Tick,2024-10-13 22:09:31.379000+00:00,1.30562,1.30574,
Tick,2024-10-13 22:09:33.588000+00:00,1.30563,1.30575,
Tick,2024-10-13 22:09:43.364000+00:00,,1.30576,
Tick,2024-10-13 22:09:48.482000+00:00,1.30564,1.30577,
Tick,2024-10-13 22:09:48.552000+00:00,1.30565,1.30578,
Tick,2024-10-13 22:09:48.585000+00:00,1.30566,1.30579,
Tick,2024-10-13 22:09:56.200000+00:00,1.30567,1.3058,
Tick,2024-10-13 22:10:00.061000+00:00,1.30567,,
Tick,2024-10-13 22:10:01.032000+00:00,1.30566,1.30579,
Tick,2024-10-13 22:10:01.034000+00:00,1.30565,1.30578,
Tick,2024-10-13 22:10:01.062000+00:00,1.30562,1.30575,
Tick,2024-10-13 22:10:01.099000+00:00,1.3056,1.30573,
Tick,2024-10-13 22:10:01.109000+00:00,1.30561,,
Tick,2024-10-13 22:10:01.114000+00:00,1.3056,,
Tick,2024-10-13 22:10:03.621000+00:00,1.30561,1.30574,
Tick,2024-10-13 22:10:08.912000+00:00,1.30562,1.30575,
Tick,2024-10-13 22:10:08.921000+00:00,1.30563,1.30576,
Tick,2024-10-13 22:10:08.928000+00:00,1.30562,1.30575,
Tick,2024-10-13 22:10:08.972000+00:00,1.30563,1.30576,
Tick,2024-10-13 22:10:08.982000+00:00,,1.30575,
Tick,2024-10-13 22:10:09.028000+00:00,1.30564,1.30577,
Tick,2024-10-13 22:10:09.332000+00:00,1.30565,1.30578,
Tick,2024-10-13 22:10:15.474000+00:00,1.30564,1.30577,
Tick,2024-10-13 22:10:16.575000+00:00,1.30565,1.30578,
Tick,2024-10-13 22:10:19.277000+00:00,1.30566,1.30579,
Tick,2024-10-13 22:10:21.475000+00:00,1.30565,1.30578,
Tick,2024-10-13 22:10:21.573000+00:00,1.30566,1.30579,
Tick,2024-10-13 22:10:21.615000+00:00,1.30567,1.3058,
Tick,2024-10-13 22:10:21.675000+00:00,1.30566,1.30579,
Tick,2024-10-13 22:10:21.774000+00:00,1.30565,1.30578,
Tick,2024-10-13 22:10:22.679000+00:00,1.30566,1.30579,
Tick,2024-10-13 22:10:23.483000+00:00,1.30565,1.30578,
Tick,2024-10-13 22:10:25.410000+00:00,1.30566,1.30579,
Tick,2024-10-13 22:10:31.131000+00:00,1.30567,,
Tick,2024-10-13 22:10:31.188000+00:00,,1.3058,
Tick,2024-10-13 22:10:31.190000+00:00,1.30568,,
Tick,2024-10-13 22:10:31.193000+00:00,,1.30581,
Tick,2024-10-13 22:10:34.257000+00:00,1.30569,,
Tick,2024-10-13 22:10:34.357000+00:00,,1.30582,
Tick,2024-10-13 22:10:35.815000+00:00,1.30568,1.30581,
Tick,2024-10-13 22:10:41.368000+00:00,1.30567,1.3058,
Tick,2024-10-13 22:10:45.334000+00:00,1.30568,1.30581,
Tick,2024-10-13 22:10:45.342000+00:00,1.30567,1.3058,
Tick,2024-10-13 22:10:45.344000+00:00,1.30568,1.30581,
Tick,2024-10-13 22:10:45.400000+00:00,1.30569,1.30582,
Tick,2024-10-13 22:10:45.451000+00:00,1.30571,1.30584,
Tick,2024-10-13 22:10:45.456000+00:00,1.30572,,
Tick,2024-10-13 22:10:45.500000+00:00,1.30573,1.30586,
Tick,2024-10-13 22:10:49.409000+00:00,1.30572,1.30585,
Tick,2024-10-13 22:10:51.386000+00:00,1.30573,1.30586,
Tick,2024-10-13 22:10:51.408000+00:00,1.30574,,
Tick,2024-10-13 22:10:51.409000+00:00,,1.30587,
Tick,2024-10-13 22:10:51.445000+00:00,1.30573,1.30586,
Tick,2024-10-13 22:10:51.447000+00:00,1.30574,1.30587,
Tick,2024-10-13 22:10:51.467000+00:00,1.30575,,
Tick,2024-10-13 22:10:51.474000+00:00,1.30574,,
Tick,2024-10-13 22:10:51.475000+00:00,1.30575,,
Tick,2024-10-13 22:10:51.477000+00:00,1.30574,,
Tick,2024-10-13 22:10:51.483000+00:00,1.30575,1.30588,
Tick,2024-10-13 22:10:51.540000+00:00,1.30574,1.30587,
Tick,2024-10-13 22:10:51.549000+00:00,1.30573,1.30586,
Tick,2024-10-13 22:10:51.585000+00:00,1.30571,1.30584,
Tick,2024-10-13 22:10:51.608000+00:00,1.3057,1.30583,
Tick,2024-10-13 22:10:51.684000+00:00,1.30571,1.30584,
Tick,2024-10-13 22:10:54.430000+00:00,1.30572,1.30585,
Tick,2024-10-13 22:10:54.508000+00:00,1.30573,,
Tick,2024-10-13 22:10:54.508000+00:00,1.30574,1.30587,
Tick,2024-10-13 22:10:54.511000+00:00,1.30575,1.30588,
Tick,2024-10-13 22:10:54.532000+00:00,1.30576,1.30589,
Tick,2024-10-13 22:10:54.594000+00:00,1.30577,1.3059,
Tick,2024-10-13 22:10:54.712000+00:00,1.30576,1.30589,
Tick,2024-10-13 22:10:54.777000+00:00,1.30575,1.30588,
Tick,2024-10-13 22:10:55.082000+00:00,,1.30587,
Tick,2024-10-13 22:10:55.123000+00:00,1.30574,,
Tick,2024-10-13 22:11:00.195000+00:00,1.30575,1.30588,
Tick,2024-10-13 22:11:00.244000+00:00,1.30576,,
Tick,2024-10-13 22:11:00.247000+00:00,1.30575,,
Tick,2024-10-13 22:11:00.247000+00:00,1.30576,1.30589,
Tick,2024-10-13 22:11:00.249000+00:00,1.30575,1.30588,
Tick,2024-10-13 22:11:00.251000+00:00,1.30577,1.30589,
Tick,2024-10-13 22:11:00.252000+00:00,1.30576,,
Tick,2024-10-13 22:11:00.281000+00:00,1.30575,1.30588,
Tick,2024-10-13 22:11:00.322000+00:00,1.30576,1.30589,
Tick,2024-10-13 22:11:00.491000+00:00,1.30577,,
Tick,2024-10-13 22:11:00.493000+00:00,1.30576,,
Tick,2024-10-13 22:11:01.729000+00:00,1.30575,1.30588,
Tick,2024-10-13 22:11:03.222000+00:00,1.30576,1.30589,
Tick,2024-10-13 22:11:03.230000+00:00,,1.30588,
Tick,2024-10-13 22:11:03.341000+00:00,1.30575,,
Tick,2024-10-13 22:11:03.441000+00:00,1.30574,1.30587,
Tick,2024-10-13 22:11:05.992000+00:00,1.30575,1.30588,
Tick,2024-10-13 22:11:06.065000+00:00,1.30576,,
Tick,2024-10-13 22:11:06.778000+00:00,1.30575,,
Tick,2024-10-13 22:11:06.804000+00:00,1.30576,1.30589,
Tick,2024-10-13 22:11:06.930000+00:00,1.30577,1.3059,
Tick,2024-10-13 22:11:07.005000+00:00,1.30576,1.30589,
Tick,2024-10-13 22:11:12.405000+00:00,1.30577,1.3059,
Tick,2024-10-13 22:11:12.423000+00:00,1.30578,1.30591,
Tick,2024-10-13 22:11:12.456000+00:00,1.30579,1.30592,
Tick,2024-10-13 22:11:12.462000+00:00,1.3058,1.30593,
Tick,2024-10-13 22:11:12.523000+00:00,1.30581,1.30594,
Tick,2024-10-13 22:11:12.523000+00:00,1.3058,1.30593,
Tick,2024-10-13 22:11:12.545000+00:00,1.30582,1.30595,
Tick,2024-10-13 22:11:13.096000+00:00,1.30583,1.30596,
Tick,2024-10-13 22:11:13.409000+00:00,1.30582,1.30595,
Tick,2024-10-13 22:11:15.952000+00:00,1.30583,1.30596,
Tick,2024-10-13 22:11:17.409000+00:00,1.30584,1.30597,
Tick,2024-10-13 22:11:18.773000+00:00,1.30583,1.30596,
Tick,2024-10-13 22:11:18.842000+00:00,1.30584,1.30597,
Tick,2024-10-13 22:11:20.211000+00:00,1.30583,1.30596,
Tick,2024-10-13 22:11:20.263000+00:00,1.30584,,
Tick,2024-10-13 22:11:20.270000+00:00,1.30583,,
Tick,2024-10-13 22:11:20.385000+00:00,1.30584,1.30597,
Tick,2024-10-13 22:11:20.389000+00:00,1.30583,1.30596,
Tick,2024-10-13 22:11:20.583000+00:00,1.30584,1.30597,
Tick,2024-10-13 22:11:21.619000+00:00,1.30585,1.30598,
Tick,2024-10-13 22:11:23.870000+00:00,1.30584,1.30597,
Tick,2024-10-13 22:11:29.626000+00:00,,1.30596,
Tick,2024-10-13 22:11:29.687000+00:00,,1.30597,
Tick,2024-10-13 22:11:29.907000+00:00,1.30585,1.30598,
Tick,2024-10-13 22:11:29.957000+00:00,1.30584,1.30597,
Tick,2024-10-13 22:11:30.108000+00:00,1.30585,1.30598,
Tick,2024-10-13 22:11:31.574000+00:00,1.30584,1.30597,
Tick,2024-10-13 22:11:37.160000+00:00,1.30583,1.30596,
Tick,2024-10-13 22:11:44.863000+00:00,1.30584,1.30597,
Tick,2024-10-13 22:11:44.884000+00:00,1.30585,1.30598,
Tick,2024-10-13 22:11:49.099000+00:00,1.30584,1.30597,
Tick,2024-10-13 22:11:49.114000+00:00,1.30585,1.30598,
Tick,2024-10-13 22:11:49.115000+00:00,1.30584,1.30597,
Tick,2024-10-13 22:11:50.553000+00:00,1.30585,,
Tick,2024-10-13 22:11:50.755000+00:00,1.30584,,
Tick,2024-10-13 22:11:54.376000+00:00,1.30585,1.30598,
Tick,2024-10-13 22:11:54.459000+00:00,1.30586,,
Tick,2024-10-13 22:11:57.174000+00:00,1.30587,1.30599,
Tick,2024-10-13 22:11:57.214000+00:00,1.30588,1.30601,
Tick,2024-10-13 22:11:57.233000+00:00,1.30589,1.30602,
Tick,2024-10-13 22:12:00.131000+00:00,1.30587,1.306,
Tick,2024-10-13 22:12:20.277000+00:00,1.3059,1.30603,
Tick,2024-10-13 22:12:21.398000+00:00,1.30588,1.30601,
Tick,2024-10-13 22:12:21.410000+00:00,1.30589,1.30602,
Tick,2024-10-13 22:12:29.409000+00:00,1.30588,1.30601,
Tick,2024-10-13 22:13:01.409000+00:00,1.30588,,
Tick,2024-10-13 22:13:03.124000+00:00,1.30587,1.306,
Tick,2024-10-13 22:13:03.125000+00:00,1.30586,1.30599,
Tick,2024-10-13 22:13:03.148000+00:00,1.30585,1.30598,
Tick,2024-10-13 22:13:03.197000+00:00,1.30583,1.30596,
Tick,2024-10-13 22:13:03.199000+00:00,1.30582,1.30595,
Tick,2024-10-13 22:13:03.213000+00:00,1.3058,1.30593,
Tick,2024-10-13 22:13:03.222000+00:00,1.30578,1.30591,
Tick,2024-10-13 22:13:03.321000+00:00,1.30577,1.3059,
Tick,2024-10-13 22:13:05.409000+00:00,1.30578,1.30591,
Tick,2024-10-13 22:13:08.348000+00:00,1.3058,1.30593,
Tick,2024-10-13 22:13:08.450000+00:00,1.30581,1.30594,
Tick,2024-10-13 22:13:08.573000+00:00,1.30582,1.30595,
Tick,2024-10-13 22:13:13.409000+00:00,1.30583,,
Tick,2024-10-13 22:13:17.409000+00:00,1.30582,,
Tick,2024-10-13 22:13:21.409000+00:00,1.30583,1.30596,
Tick,2024-10-13 22:13:24.671000+00:00,1.30584,1.30597,
Tick,2024-10-13 22:13:24.693000+00:00,1.30583,1.30596,
Tick,2024-10-13 22:13:24.730000+00:00,1.30584,1.30597,
Tick,2024-10-13 22:13:24.749000+00:00,1.30583,1.30596,
Tick,2024-10-13 22:13:26.785000+00:00,1.30584,,
Tick,2024-10-13 22:13:33.409000+00:00,1.30583,,
Tick,2024-10-13 22:13:44.145000+00:00,1.30584,1.30597,
Tick,2024-10-13 22:13:46.558000+00:00,1.30583,1.30596,
Tick,2024-10-13 22:14:03.017000+00:00,1.30583,,
Tick,2024-10-13 22:14:03.029000+00:00,1.30582,1.30595,
Tick,2024-10-13 22:14:03.059000+00:00,1.30583,1.30596,
Tick,2024-10-13 22:14:05.124000+00:00,1.30582,1.30595,
Tick,2024-10-13 22:14:05.160000+00:00,1.3058,1.30592,
Tick,2024-10-13 22:14:05.194000+00:00,1.30579,,
Tick,2024-10-13 22:14:05.199000+00:00,1.30577,1.3059,
Tick,2024-10-13 22:14:05.199000+00:00,,1.30589,
Tick,2024-10-13 22:14:09.408000+00:00,1.30576,,
Tick,2024-10-13 22:14:13.409000+00:00,1.30577,1.3059,
Tick,2024-10-13 22:14:15.288000+00:00,1.30575,1.30588,
Tick,2024-10-13 22:14:28.478000+00:00,1.30578,1.3059,
Tick,2024-10-13 22:14:29.409000+00:00,1.30577,,
Tick,2024-10-13 22:14:33.409000+00:00,1.30579,1.30591,
Tick,2024-10-13 22:14:38.850000+00:00,,1.30592,
Tick,2024-10-13 22:14:38.851000+00:00,,1.30591,
Tick,2024-10-13 22:14:38.852000+00:00,1.3058,1.30593,
Tick,2024-10-13 22:14:38.852000+00:00,,1.30592,
Tick,2024-10-13 22:14:38.853000+00:00,,1.30593,
Tick,2024-10-13 22:14:38.856000+00:00,1.30579,1.30592,
Tick,2024-10-13 22:14:38.856000+00:00,1.3058,1.30593,
Tick,2024-10-13 22:14:38.857000+00:00,1.30579,1.30592,
Tick,2024-10-13 22:14:38.858000+00:00,1.3058,1.30593,
Tick,2024-10-13 22:14:38.859000+00:00,1.30579,1.30592,
Tick,2024-10-13 22:14:38.860000+00:00,1.3058,1.30593,
Tick,2024-10-13 22:14:38.861000+00:00,1.30579,1.30592,
Tick,2024-10-13 22:14:38.863000+00:00,1.3058,1.30593,
Tick,2024-10-13 22:14:38.863000+00:00,1.30579,1.30592,
Tick,2024-10-13 22:14:38.890000+00:00,1.3058,1.30593,
Tick,2024-10-13 22:14:38.892000+00:00,,1.30592,
Tick,2024-10-13 22:14:38.910000+00:00,,1.30593,
Tick,2024-10-13 22:14:38.988000+00:00,1.30581,1.30594,
Tick,2024-10-13 22:14:39.020000+00:00,1.3058,1.30593,
Tick,2024-10-13 22:14:41.422000+00:00,1.30579,1.30592,
Tick,2024-10-13 22:14:41.423000+00:00,,1.30591,
Tick,2024-10-13 22:14:41.455000+00:00,1.30578,,
Tick,2024-10-13 22:14:52.200000+00:00,1.30579,1.30592,
Tick,2024-10-13 22:14:52.200000+00:00,1.30578,1.30591,
Tick,2024-10-13 22:14:52.240000+00:00,1.30577,1.3059,
Tick,2024-10-13 22:14:57.464000+00:00,1.30576,1.30589,
Tick,2024-10-13 22:15:00.037000+00:00,1.30576,,
Tick,2024-10-13 22:15:04.483000+00:00,1.30577,1.3059,
Tick,2024-10-13 22:15:17.142000+00:00,1.30576,1.30589,
Tick,2024-10-13 22:15:17.143000+00:00,1.30575,1.30588,
Tick,2024-10-13 22:15:17.156000+00:00,,1.30587,
Tick,2024-10-13 22:15:17.185000+00:00,1.30574,,
Tick,2024-10-13 22:15:17.185000+00:00,1.30573,1.30586,
Tick,2024-10-13 22:15:17.187000+00:00,1.30574,1.30587,
Tick,2024-10-13 22:15:17.245000+00:00,1.30573,1.30586,
Tick,2024-10-13 22:15:17.256000+00:00,,1.30585,
Tick,2024-10-13 22:15:18.251000+00:00,1.30572,,
Tick,2024-10-13 22:15:19.267000+00:00,1.30571,1.30584,
Tick,2024-10-13 22:15:20.281000+00:00,,1.30583,
Tick,2024-10-13 22:15:20.315000+00:00,,1.30584,
Tick,2024-10-13 22:15:29.235000+00:00,1.30572,1.30585,
Tick,2024-10-13 22:15:29.327000+00:00,1.30573,1.30586,
Tick,2024-10-13 22:15:33.408000+00:00,1.30572,1.30585,
Tick,2024-10-13 22:15:33.530000+00:00,1.30573,1.30586,
Tick,2024-10-13 22:15:33.564000+00:00,1.30572,1.30585,
Tick,2024-10-13 22:15:33.631000+00:00,,1.30584,
Tick,2024-10-13 22:15:38.315000+00:00,,1.30585,
Tick,2024-10-13 22:15:50.436000+00:00,1.30571,1.30584,
Tick,2024-10-13 22:15:50.937000+00:00,1.30572,1.30585,
Tick,2024-10-13 22:15:51.039000+00:00,,1.30584,
Tick,2024-10-13 22:15:51.047000+00:00,1.30571,,
Tick,2024-10-13 22:15:51.141000+00:00,1.3057,1.30583,
Tick,2024-10-13 22:15:53.662000+00:00,1.30571,1.30584,
Tick,2024-10-13 22:15:53.668000+00:00,1.3057,1.30583,
Tick,2024-10-13 22:15:53.678000+00:00,,1.30582,
Tick,2024-10-13 22:15:53.756000+00:00,1.30567,1.3058,
Tick,2024-10-13 22:15:56.620000+00:00,1.30568,1.30581,
Tick,2024-10-13 22:15:57.222000+00:00,,1.3058,
Tick,2024-10-13 22:15:57.224000+00:00,1.30567,,
Tick,2024-10-13 22:15:57.278000+00:00,1.30566,1.30579,
Tick,2024-10-13 22:16:01.095000+00:00,1.30566,,
Tick,2024-10-13 22:16:01.096000+00:00,1.30565,1.30578,
Tick,2024-10-13 22:16:01.097000+00:00,1.30566,1.30579,
Tick,2024-10-13 22:16:01.107000+00:00,1.30565,1.30578,
Tick,2024-10-13 22:16:01.217000+00:00,1.30564,1.30577,
Tick,2024-10-13 22:16:01.241000+00:00,1.30563,1.30576,
Tick,2024-10-13 22:16:01.303000+00:00,1.30562,1.30575,
Tick,2024-10-13 22:16:01.317000+00:00,1.30561,1.30574,
Tick,2024-10-13 22:16:01.681000+00:00,1.3056,1.30573,
Tick,2024-10-13 22:16:03.716000+00:00,1.30561,1.30574,
Tick,2024-10-13 22:16:03.716000+00:00,,1.30573,
Tick,2024-10-13 22:16:03.717000+00:00,,1.30574,
Tick,2024-10-13 22:16:03.737000+00:00,1.30562,1.30575,
Tick,2024-10-13 22:16:03.759000+00:00,1.30563,,
Tick,2024-10-13 22:16:03.759000+00:00,1.30562,,
Tick,2024-10-13 22:16:03.762000+00:00,1.30563,1.30576,
Tick,2024-10-13 22:16:03.765000+00:00,1.30562,1.30575,
Tick,2024-10-13 22:16:03.773000+00:00,1.30563,1.30576,
Tick,2024-10-13 22:16:03.836000+00:00,1.30562,1.30575,
Tick,2024-10-13 22:16:03.859000+00:00,1.3056,1.30573,
Tick,2024-10-13 22:16:07.657000+00:00,,1.30572,
Tick,2024-10-13 22:16:07.658000+00:00,,1.30573,
Tick,2024-10-13 22:16:07.741000+00:00,1.30561,1.30574,
Tick,2024-10-13 22:16:09.416000+00:00,1.30562,1.30575,
Tick,2024-10-13 22:16:09.417000+00:00,1.30561,1.30574,
Tick,2024-10-13 22:16:09.420000+00:00,1.30562,1.30575,
Tick,2024-10-13 22:16:10.847000+00:00,1.30561,1.30574,
Tick,2024-10-13 22:16:10.995000+00:00,1.30562,1.30575,
Tick,2024-10-13 22:16:14.226000+00:00,1.30561,1.30574,
Tick,2024-10-13 22:16:14.409000+00:00,1.3056,1.30573,
Tick,2024-10-13 22:16:25.062000+00:00,1.30561,1.30574,
Tick,2024-10-13 22:16:29.414000+00:00,1.30562,1.30575,
Tick,2024-10-13 22:16:29.605000+00:00,1.30561,1.30574,
Tick,2024-10-13 22:16:32.359000+00:00,1.30562,1.30575,
Tick,2024-10-13 22:16:35.048000+00:00,1.30561,1.30574,
Tick,2024-10-13 22:16:39.604000+00:00,1.3056,1.30573,
Tick,2024-10-13 22:16:46.031000+00:00,1.30561,1.30574,
Tick,2024-10-13 22:16:47.033000+00:00,,1.30573,
Tick,2024-10-13 22:16:49.827000+00:00,,1.30574,
Tick,2024-10-13 22:16:49.828000+00:00,1.3056,1.30573,
Tick,2024-10-13 22:16:50.713000+00:00,1.30561,1.30574,
Tick,2024-10-13 22:16:50.713000+00:00,1.3056,1.30573,
Tick,2024-10-13 22:16:55.789000+00:00,1.30561,1.30574,
Tick,2024-10-13 22:16:56.010000+00:00,,1.30573,
Tick,2024-10-13 22:16:56.301000+00:00,1.3056,,
Tick,2024-10-13 22:17:01.143000+00:00,1.3056,,
Tick,2024-10-13 22:17:07.775000+00:00,1.30561,,
Tick,2024-10-13 22:17:10.086000+00:00,1.3056,,
Tick,2024-10-13 22:17:23.103000+00:00,1.30561,1.30574,
Tick,2024-10-13 22:17:23.256000+00:00,1.3056,1.30573,
Tick,2024-10-13 22:17:23.278000+00:00,1.30558,1.3057,
Tick,2024-10-13 22:17:23.357000+00:00,1.30557,1.30569,
Tick,2024-10-13 22:17:23.364000+00:00,,1.3057,
Tick,2024-10-13 22:17:24.879000+00:00,1.30555,1.30568,
Tick,2024-10-13 22:17:24.898000+00:00,1.30554,1.30567,
Tick,2024-10-13 22:17:24.924000+00:00,1.30553,1.30566,
Tick,2024-10-13 22:17:24.970000+00:00,,1.30565,
Tick,2024-10-13 22:17:24.970000+00:00,1.30552,,
Tick,2024-10-13 22:17:24.997000+00:00,1.30551,1.30564,
Tick,2024-10-13 22:17:25.057000+00:00,1.3055,1.30563,
Tick,2024-10-13 22:17:25.061000+00:00,1.30551,1.30564,
Tick,2024-10-13 22:17:25.095000+00:00,,1.30563,
Tick,2024-10-13 22:17:25.106000+00:00,1.3055,,
Tick,2024-10-13 22:17:25.766000+00:00,1.30549,1.30562,
Tick,2024-10-13 22:17:33.414000+00:00,1.3055,1.30563,
Tick,2024-10-13 22:17:40.908000+00:00,1.30551,1.30564,
Tick,2024-10-13 22:17:40.909000+00:00,1.30552,1.30565,
Tick,2024-10-13 22:17:40.909000+00:00,,1.30564,
Tick,2024-10-13 22:17:40.909000+00:00,,1.30565,
Tick,2024-10-13 22:17:40.914000+00:00,1.30551,1.30564,
Tick,2024-10-13 22:17:40.923000+00:00,1.30552,,
Tick,2024-10-13 22:17:40.939000+00:00,1.30551,1.30563,
Tick,2024-10-13 22:17:40.969000+00:00,1.3055,,
Tick,2024-10-13 22:17:41.018000+00:00,,1.30562,
Tick,2024-10-13 22:17:44.027000+00:00,,1.30563,
Tick,2024-10-13 22:17:47.456000+00:00,1.30549,1.30562,
Tick,2024-10-13 22:17:47.633000+00:00,1.3055,1.30563,
Tick,2024-10-13 22:17:47.685000+00:00,,1.30562,
Tick,2024-10-13 22:17:49.989000+00:00,,1.30563,
Tick,2024-10-13 22:17:52.609000+00:00,1.30549,1.30562,
Tick,2024-10-13 22:17:53.413000+00:00,1.3055,1.30563,
Tick,2024-10-13 22:17:54.726000+00:00,1.30549,1.30562,
Tick,2024-10-13 22:17:54.731000+00:00,1.30548,1.30561,
Tick,2024-10-13 22:17:54.751000+00:00,1.30547,1.3056,
Tick,2024-10-13 22:17:54.851000+00:00,1.30548,1.30561,
Tick,2024-10-13 22:18:00.492000+00:00,1.30548,,
Tick,2024-10-13 22:18:00.543000+00:00,1.30549,1.30562,
Tick,2024-10-13 22:18:01.316000+00:00,1.3055,1.30563,
Tick,2024-10-13 22:18:14.362000+00:00,1.30551,,
Tick,2024-10-13 22:18:14.401000+00:00,,1.30564,
Tick,2024-10-13 22:18:14.409000+00:00,1.3055,1.30563,
Tick,2024-10-13 22:18:14.409000+00:00,1.30551,1.30564,
Tick,2024-10-13 22:18:14.444000+00:00,1.30552,,
Tick,2024-10-13 22:18:14.458000+00:00,1.30551,,
Tick,2024-10-13 22:18:15.241000+00:00,1.3055,1.30563,
Tick,2024-10-13 22:18:20.679000+00:00,1.30549,1.30562,
Tick,2024-10-13 22:18:20.953000+00:00,1.30548,1.30561,
Tick,2024-10-13 22:18:24.071000+00:00,1.30549,,
Tick,2024-10-13 22:18:24.240000+00:00,1.30548,,
Tick,2024-10-13 22:18:24.902000+00:00,1.30549,,
Tick,2024-10-13 22:18:25.354000+00:00,,1.30562,
Tick,2024-10-13 22:18:37.414000+00:00,1.3055,1.30563,
Tick,2024-10-13 22:18:37.947000+00:00,1.30549,1.30562,
Tick,2024-10-13 22:18:38.116000+00:00,1.3055,1.30563,
Tick,2024-10-13 22:18:38.962000+00:00,1.30549,1.30562,
Tick,2024-10-13 22:18:39.132000+00:00,1.3055,1.30563,
Tick,2024-10-13 22:18:39.978000+00:00,1.30549,1.30562,
