Type,Time,Bid,Ask,Volume
Tick,2024-10-13 21:05:00.150000+00:00,149.044,149.094,
Tick,2024-10-13 21:05:01.105000+00:00,149.046,149.096,
Tick,2024-10-13 21:05:01.206000+00:00,149.047,149.094,
Tick,2024-10-13 21:05:01.886000+00:00,149.048,149.095,
Tick,2024-10-13 21:05:30.429000+00:00,149.049,149.096,
Tick,2024-10-13 21:05:41.934000+00:00,149.048,149.094,
Tick,2024-10-13 21:06:00.144000+00:00,149.047,149.093,
Tick,2024-10-13 21:06:01.045000+00:00,149.046,149.092,
Tick,2024-10-13 21:06:01.054000+00:00,149.047,149.093,
Tick,2024-10-13 21:06:11.753000+00:00,149.046,149.092,
Tick,2024-10-13 21:06:24.261000+00:00,,149.093,
Tick,2024-10-13 21:06:30.866000+00:00,,149.092,
Tick,2024-10-13 21:06:33.408000+00:00,149.047,149.093,
Tick,2024-10-13 21:06:38.940000+00:00,149.048,149.094,
Tick,2024-10-13 21:06:48.878000+00:00,149.047,149.093,
Tick,2024-10-13 21:06:58.686000+00:00,149.048,149.094,
Tick,2024-10-13 21:06:59.108000+00:00,149.05,149.096,
Tick,2024-10-13 21:07:00.935000+00:00,149.05,,
Tick,2024-10-13 21:07:09.291000+00:00,149.048,149.094,
Tick,2024-10-13 21:07:22.099000+00:00,149.045,149.091,
Tick,2024-10-13 21:07:28.904000+00:00,149.046,149.092,
Tick,2024-10-13 21:07:54.220000+00:00,149.047,149.093,
Tick,2024-10-13 21:08:04.226000+00:00,149.048,149.09,
Tick,2024-10-13 21:08:24.239000+00:00,149.049,149.091,
Tick,2024-10-13 21:08:34.245000+00:00,149.05,,
Tick,2024-10-13 21:08:34.846000+00:00,149.049,149.09,
Tick,2024-10-13 21:08:44.252000+00:00,,149.091,
Tick,2024-10-13 21:08:54.258000+00:00,149.048,149.09,
Tick,2024-10-13 21:09:04.264000+00:00,149.048,,
Tick,2024-10-13 21:09:24.578000+00:00,149.047,,
Tick,2024-10-13 21:09:44.092000+00:00,149.046,149.089,
Tick,2024-10-13 21:09:47.892000+00:00,149.048,149.09,
Tick,2024-10-13 21:10:00.194000+00:00,149.048,149.094,
Tick,2024-10-13 21:10:08.377000+00:00,,149.095,
Tick,2024-10-13 21:10:09.632000+00:00,149.049,149.096,
Tick,2024-10-13 21:11:04.841000+00:00,149.05,149.095,
Tick,2024-10-13 21:11:05.999000+00:00,149.054,149.099,
Tick,2024-10-13 21:11:25.154000+00:00,149.051,149.098,
Tick,2024-10-13 21:11:34.260000+00:00,149.055,149.1,
Tick,2024-10-13 21:12:01.979000+00:00,149.055,,
Tick,2024-10-13 21:12:03.879000+00:00,149.052,149.099,
Tick,2024-10-13 21:12:05.881000+00:00,149.055,149.1,
Tick,2024-10-13 21:12:08.484000+00:00,149.054,149.099,
Tick,2024-10-13 21:12:14.286000+00:00,,149.1,
Tick,2024-10-13 21:12:24.293000+00:00,149.055,,
Tick,2024-10-13 21:12:27.688000+00:00,149.056,149.101,
Tick,2024-10-13 21:12:44.406000+00:00,149.053,149.1,
Tick,2024-10-13 21:12:48.809000+00:00,149.056,149.101,
Tick,2024-10-13 21:12:54.212000+00:00,149.055,,
Tick,2024-10-13 21:13:04.219000+00:00,149.056,,
Tick,2024-10-13 21:13:16.627000+00:00,149.052,149.097,
Tick,2024-10-13 21:13:36.941000+00:00,149.049,149.092,
Tick,2024-10-13 21:13:37.441000+00:00,149.053,149.094,
Tick,2024-10-13 21:13:37.495000+00:00,149.052,149.097,
Tick,2024-10-13 21:13:48.780000+00:00,,149.099,
Tick,2024-10-13 21:14:09.763000+00:00,149.052,149.1,
Tick,2024-10-13 21:14:24.272000+00:00,,149.099,
Tick,2024-10-13 21:14:34.279000+00:00,149.053,149.1,
Tick,2024-10-13 21:14:44.088000+00:00,149.057,149.102,
Tick,2024-10-13 21:14:50.091000+00:00,149.055,149.096,
Tick,2024-10-13 21:15:00.510000+00:00,149.056,149.102,
Tick,2024-10-13 21:15:00.667000+00:00,149.06,149.106,
Tick,2024-10-13 21:15:02.763000+00:00,149.059,149.105,
Tick,2024-10-13 21:15:02.898000+00:00,149.055,149.101,
Tick,2024-10-13 21:15:14.305000+00:00,149.056,,
Tick,2024-10-13 21:15:20.911000+00:00,149.053,149.098,
Tick,2024-10-13 21:15:21.234000+00:00,149.056,149.101,
Tick,2024-10-13 21:15:34.219000+00:00,149.053,149.098,
Tick,2024-10-13 21:15:44.226000+00:00,149.052,149.097,
Tick,2024-10-13 21:15:55.137000+00:00,,149.099,
Tick,2024-10-13 21:16:04.643000+00:00,149.05,149.098,
Tick,2024-10-13 21:16:24.255000+00:00,149.053,,
Tick,2024-10-13 21:16:24.380000+00:00,,149.1,
Tick,2024-10-13 21:17:04.282000+00:00,149.056,149.101,
Tick,2024-10-13 21:17:32.700000+00:00,149.054,,
Tick,2024-10-13 21:17:43.107000+00:00,149.056,149.102,
Tick,2024-10-13 21:17:53.315000+00:00,149.057,,
Tick,2024-10-13 21:18:13.627000+00:00,149.055,,
Tick,2024-10-13 21:18:13.727000+00:00,149.057,149.103,
Tick,2024-10-13 21:18:23.934000+00:00,,149.102,
Tick,2024-10-13 21:18:34.541000+00:00,149.058,149.103,
Tick,2024-10-13 21:18:34.582000+00:00,149.057,149.102,
Tick,2024-10-13 21:18:44.047000+00:00,149.054,149.101,
Tick,2024-10-13 21:18:47.222000+00:00,149.055,149.102,
Tick,2024-10-13 21:18:54.253000+00:00,149.057,149.103,
Tick,2024-10-13 21:18:56.094000+00:00,149.058,149.104,
Tick,2024-10-13 21:19:04.259000+00:00,149.058,149.103,
Tick,2024-10-13 21:19:12.693000+00:00,149.059,149.104,
Tick,2024-10-13 21:19:14.266000+00:00,149.058,,
Tick,2024-10-13 21:19:24.273000+00:00,149.059,,
Tick,2024-10-13 21:19:44.088000+00:00,149.055,149.1,
Tick,2024-10-13 21:19:44.485000+00:00,149.051,149.098,
Tick,2024-10-13 21:19:55.492000+00:00,149.055,149.101,
Tick,2024-10-13 21:20:11.903000+00:00,149.055,149.1,
Tick,2024-10-13 21:20:25.457000+00:00,149.058,149.099,
Tick,2024-10-13 21:20:28.179000+00:00,149.055,149.102,
Tick,2024-10-13 21:20:44.126000+00:00,,149.103,
Tick,2024-10-13 21:20:54.229000+00:00,,149.102,
Tick,2024-10-13 21:21:07.838000+00:00,149.055,,
Tick,2024-10-13 21:21:34.255000+00:00,149.057,149.098,
Tick,2024-10-13 21:22:04.575000+00:00,149.052,149.095,
Tick,2024-10-13 21:22:32.991000+00:00,149.06,149.107,
Tick,2024-10-13 21:22:42.999000+00:00,149.057,149.102,
Tick,2024-10-13 21:23:03.111000+00:00,149.054,149.101,
Tick,2024-10-13 21:23:24.225000+00:00,149.056,149.102,
Tick,2024-10-13 21:23:34.231000+00:00,149.055,149.096,
Tick,2024-10-13 21:23:44.237000+00:00,149.056,149.097,
Tick,2024-10-13 21:23:44.885000+00:00,149.057,149.102,
Tick,2024-10-13 21:23:44.929000+00:00,149.055,,
Tick,2024-10-13 21:23:45.231000+00:00,149.057,149.104,
Tick,2024-10-13 21:24:14.357000+00:00,149.055,149.102,
Tick,2024-10-13 21:24:31.449000+00:00,149.057,149.104,
Tick,2024-10-13 21:25:10.894000+00:00,149.057,,
Tick,2024-10-13 21:25:44.115000+00:00,149.059,149.104,
Tick,2024-10-13 21:25:44.415000+00:00,149.058,,
Tick,2024-10-13 21:25:44.890000+00:00,149.057,149.103,
Tick,2024-10-13 21:26:02.045000+00:00,149.056,,
Tick,2024-10-13 21:26:40.826000+00:00,149.06,149.107,
Tick,2024-10-13 21:26:44.156000+00:00,149.059,149.106,
Tick,2024-10-13 21:27:04.266000+00:00,149.059,149.104,
Tick,2024-10-13 21:27:24.579000+00:00,149.058,,
Tick,2024-10-13 21:27:34.285000+00:00,149.06,149.105,
Tick,2024-10-13 21:27:44.292000+00:00,149.059,149.104,
Tick,2024-10-13 21:27:54.298000+00:00,149.056,149.101,
Tick,2024-10-13 21:28:04.305000+00:00,149.058,149.098,
Tick,2024-10-13 21:28:14.311000+00:00,149.06,,
Tick,2024-10-13 21:28:24.217000+00:00,149.058,,
Tick,2024-10-13 21:28:44.631000+00:00,149.056,149.097,
Tick,2024-10-13 21:29:04.244000+00:00,149.058,149.098,
Tick,2024-10-13 21:29:14.250000+00:00,149.059,149.097,
Tick,2024-10-13 21:29:24.257000+00:00,149.058,149.098,
Tick,2024-10-13 21:29:28.963000+00:00,149.056,149.101,
Tick,2024-10-13 21:29:29.264000+00:00,149.057,149.102,
Tick,2024-10-13 21:29:54.275000+00:00,149.056,,
Tick,2024-10-13 21:30:00.079000+00:00,149.056,149.103,
Tick,2024-10-13 21:30:01.480000+00:00,149.057,149.104,
Tick,2024-10-13 21:30:12.654000+00:00,149.059,149.106,
Tick,2024-10-13 21:31:07.163000+00:00,149.063,149.11,
Tick,2024-10-13 21:31:16.034000+00:00,149.059,149.106,
Tick,2024-10-13 21:31:44.157000+00:00,149.055,149.102,
Tick,2024-10-13 21:31:44.253000+00:00,149.057,149.104,
Tick,2024-10-13 21:31:47.856000+00:00,149.056,149.102,
Tick,2024-10-13 21:31:47.917000+00:00,149.06,149.106,
Tick,2024-10-13 21:31:50.928000+00:00,149.061,149.107,
Tick,2024-10-13 21:31:52.058000+00:00,149.06,149.106,
Tick,2024-10-13 21:32:00.264000+00:00,149.061,149.107,
Tick,2024-10-13 21:32:04.967000+00:00,149.062,149.108,
Tick,2024-10-13 21:32:08.470000+00:00,149.059,149.105,
Tick,2024-10-13 21:32:13.734000+00:00,149.062,149.109,
Tick,2024-10-13 21:32:13.773000+00:00,,149.108,
Tick,2024-10-13 21:32:13.788000+00:00,149.063,149.109,
Tick,2024-10-13 21:32:13.834000+00:00,149.067,149.114,
Tick,2024-10-13 21:32:13.838000+00:00,149.068,149.115,
Tick,2024-10-13 21:32:14.005000+00:00,149.069,149.116,
Tick,2024-10-13 21:32:14.586000+00:00,149.068,149.115,
Tick,2024-10-13 21:32:15.479000+00:00,149.069,149.116,
Tick,2024-10-13 21:32:17.886000+00:00,149.068,149.115,
Tick,2024-10-13 21:32:18.058000+00:00,149.065,149.111,
Tick,2024-10-13 21:32:18.159000+00:00,149.066,149.113,
Tick,2024-10-13 21:32:18.183000+00:00,149.067,149.114,
Tick,2024-10-13 21:32:20.249000+00:00,149.066,149.113,
Tick,2024-10-13 21:32:20.269000+00:00,149.065,149.112,
Tick,2024-10-13 21:32:24.880000+00:00,149.066,149.114,
Tick,2024-10-13 21:32:26.278000+00:00,149.065,149.113,
Tick,2024-10-13 21:32:31.765000+00:00,149.066,,
Tick,2024-10-13 21:32:34.689000+00:00,149.065,149.112,
Tick,2024-10-13 21:32:35.982000+00:00,149.066,149.113,
Tick,2024-10-13 21:32:37.028000+00:00,149.065,149.112,
Tick,2024-10-13 21:32:48.897000+00:00,149.064,149.111,
Tick,2024-10-13 21:32:57.903000+00:00,149.065,149.112,
Tick,2024-10-13 21:32:59.197000+00:00,149.066,149.113,
Tick,2024-10-13 21:33:01.830000+00:00,149.066,,
Tick,2024-10-13 21:33:03.529000+00:00,149.067,149.114,
Tick,2024-10-13 21:33:06.557000+00:00,149.068,149.115,
Tick,2024-10-13 21:33:09.202000+00:00,149.067,149.114,
Tick,2024-10-13 21:33:09.379000+00:00,149.068,149.115,
Tick,2024-10-13 21:33:09.637000+00:00,149.067,149.114,
Tick,2024-10-13 21:33:09.847000+00:00,149.068,149.115,
Tick,2024-10-13 21:33:10.359000+00:00,149.067,149.114,
Tick,2024-10-13 21:33:11.774000+00:00,149.068,149.115,
Tick,2024-10-13 21:33:14.383000+00:00,149.067,149.114,
Tick,2024-10-13 21:33:24.336000+00:00,,149.113,
Tick,2024-10-13 21:33:24.394000+00:00,149.066,,
Tick,2024-10-13 21:33:28.858000+00:00,149.065,,
Tick,2024-10-13 21:33:35.665000+00:00,149.066,,
Tick,2024-10-13 21:33:35.715000+00:00,149.067,149.114,
Tick,2024-10-13 21:33:35.759000+00:00,,149.115,
Tick,2024-10-13 21:33:40.133000+00:00,,149.114,
Tick,2024-10-13 21:33:41.019000+00:00,149.066,149.113,
Tick,2024-10-13 21:33:41.629000+00:00,149.067,149.114,
Tick,2024-10-13 21:33:50.349000+00:00,149.066,149.113,
Tick,2024-10-13 21:33:50.720000+00:00,149.067,149.114,
Tick,2024-10-13 21:33:52.317000+00:00,149.068,149.115,
Tick,2024-10-13 21:33:53.856000+00:00,149.067,149.114,
Tick,2024-10-13 21:33:56.284000+00:00,149.068,149.115,
Tick,2024-10-13 21:34:00.366000+00:00,149.067,149.114,
Tick,2024-10-13 21:34:12.753000+00:00,149.069,149.116,
Tick,2024-10-13 21:34:28.781000+00:00,149.071,149.118,
Tick,2024-10-13 21:34:34.468000+00:00,149.068,149.115,
Tick,2024-10-13 21:34:34.633000+00:00,149.067,149.114,
Tick,2024-10-13 21:34:54.681000+00:00,149.066,149.113,
Tick,2024-10-13 21:35:08.691000+00:00,149.065,149.112,
Tick,2024-10-13 21:35:09.291000+00:00,149.066,149.113,
Tick,2024-10-13 21:35:09.416000+00:00,149.067,149.114,
Tick,2024-10-13 21:35:13.659000+00:00,149.068,,
Tick,2024-10-13 21:35:37.809000+00:00,149.069,149.115,
Tick,2024-10-13 21:35:37.824000+00:00,149.068,149.114,
Tick,2024-10-13 21:35:37.865000+00:00,149.069,149.115,
Tick,2024-10-13 21:35:55.191000+00:00,149.07,149.116,
Tick,2024-10-13 21:36:02.927000+00:00,149.07,,
Tick,2024-10-13 21:36:04.478000+00:00,149.071,149.117,
Tick,2024-10-13 21:36:12.115000+00:00,149.072,149.119,
Tick,2024-10-13 21:36:12.196000+00:00,149.073,149.12,
Tick,2024-10-13 21:36:13.097000+00:00,149.071,149.118,
Tick,2024-10-13 21:36:17.406000+00:00,149.072,,
Tick,2024-10-13 21:36:19.044000+00:00,149.071,,
Tick,2024-10-13 21:36:19.254000+00:00,149.07,149.117,
Tick,2024-10-13 21:36:20.383000+00:00,149.071,149.118,
Tick,2024-10-13 21:36:20.587000+00:00,149.07,149.117,
Tick,2024-10-13 21:36:20.890000+00:00,149.071,149.118,
Tick,2024-10-13 21:36:33.361000+00:00,149.069,149.116,
Tick,2024-10-13 21:36:33.426000+00:00,149.071,149.118,
Tick,2024-10-13 21:36:33.477000+00:00,149.07,149.117,
Tick,2024-10-13 21:36:43.360000+00:00,149.071,149.118,
Tick,2024-10-13 21:36:43.558000+00:00,149.07,149.117,
Tick,2024-10-13 21:36:44.678000+00:00,149.071,149.118,
Tick,2024-10-13 21:36:52.171000+00:00,149.07,149.117,
Tick,2024-10-13 21:36:53.489000+00:00,149.071,149.118,
Tick,2024-10-13 21:36:54.817000+00:00,149.07,149.117,
Tick,2024-10-13 21:36:54.878000+00:00,149.071,149.118,
Tick,2024-10-13 21:36:57.275000+00:00,149.07,149.117,
Tick,2024-10-13 21:36:57.327000+00:00,149.071,149.118,
Tick,2024-10-13 21:36:57.905000+00:00,149.072,149.119,
Tick,2024-10-13 21:36:59.365000+00:00,149.071,149.118,
Tick,2024-10-13 21:37:01.851000+00:00,149.07,149.117,
Tick,2024-10-13 21:37:01.867000+00:00,149.071,149.118,
Tick,2024-10-13 21:37:03.268000+00:00,149.07,149.117,
Tick,2024-10-13 21:37:05.369000+00:00,149.071,149.118,
Tick,2024-10-13 21:37:06.815000+00:00,,149.117,
Tick,2024-10-13 21:37:06.870000+00:00,149.07,,
Tick,2024-10-13 21:37:14.275000+00:00,149.071,149.118,
Tick,2024-10-13 21:37:14.291000+00:00,,149.117,
Tick,2024-10-13 21:37:34.113000+00:00,149.072,149.118,
Tick,2024-10-13 21:37:34.113000+00:00,149.071,149.117,
Tick,2024-10-13 21:37:34.135000+00:00,149.072,149.118,
Tick,2024-10-13 21:37:37.491000+00:00,149.071,149.117,
Tick,2024-10-13 21:37:38.692000+00:00,149.072,149.118,
Tick,2024-10-13 21:37:38.862000+00:00,149.071,149.117,
Tick,2024-10-13 21:37:38.992000+00:00,,149.118,
Tick,2024-10-13 21:37:56.004000+00:00,149.072,149.119,
Tick,2024-10-13 21:38:00.807000+00:00,149.071,149.118,
Tick,2024-10-13 21:38:01.911000+00:00,149.072,,
Tick,2024-10-13 21:38:03.810000+00:00,149.071,149.116,
Tick,2024-10-13 21:38:05.011000+00:00,,149.117,
Tick,2024-10-13 21:38:06.211000+00:00,149.072,,
Tick,2024-10-13 21:38:19.395000+00:00,,149.118,
Tick,2024-10-13 21:38:19.409000+00:00,,149.117,
Tick,2024-10-13 21:38:24.523000+00:00,149.073,149.118,
Tick,2024-10-13 21:38:40.333000+00:00,149.072,149.117,
Tick,2024-10-13 21:38:44.990000+00:00,149.073,149.118,
Tick,2024-10-13 21:38:45.002000+00:00,149.072,149.117,
Tick,2024-10-13 21:38:45.036000+00:00,149.073,149.118,
Tick,2024-10-13 21:38:48.262000+00:00,149.074,149.119,
Tick,2024-10-13 21:39:00.647000+00:00,149.073,149.118,
Tick,2024-10-13 21:39:01.197000+00:00,149.074,149.119,
Tick,2024-10-13 21:39:06.551000+00:00,149.073,149.118,
Tick,2024-10-13 21:39:48.278000+00:00,149.074,149.119,
Tick,2024-10-13 21:39:49.102000+00:00,149.075,149.12,
Tick,2024-10-13 21:39:59.840000+00:00,149.074,149.119,
Tick,2024-10-13 21:39:59.886000+00:00,,149.12,
Tick,2024-10-13 21:39:59.915000+00:00,149.075,,
Tick,2024-10-13 21:40:00.025000+00:00,149.075,,
Tick,2024-10-13 21:40:05.690000+00:00,,149.121,
Tick,2024-10-13 21:40:23.903000+00:00,149.074,149.119,
Tick,2024-10-13 21:40:34.310000+00:00,149.077,149.122,
Tick,2024-10-13 21:40:44.119000+00:00,149.075,149.12,
Tick,2024-10-13 21:40:54.055000+00:00,149.077,149.122,
Tick,2024-10-13 21:41:04.630000+00:00,149.077,,
Tick,2024-10-13 21:41:08.793000+00:00,149.075,149.12,
Tick,2024-10-13 21:41:08.801000+00:00,149.076,149.121,
Tick,2024-10-13 21:41:08.803000+00:00,149.075,,
Tick,2024-10-13 21:41:08.803000+00:00,149.074,149.12,
Tick,2024-10-13 21:41:08.832000+00:00,149.076,149.121,
Tick,2024-10-13 21:41:10.133000+00:00,149.075,,
Tick,2024-10-13 21:41:16.974000+00:00,,149.12,
Tick,2024-10-13 21:41:18.238000+00:00,149.076,149.121,
Tick,2024-10-13 21:41:27.244000+00:00,149.075,149.12,
Tick,2024-10-13 21:41:47.238000+00:00,149.077,149.122,
Tick,2024-10-13 21:42:00.151000+00:00,149.074,149.12,
Tick,2024-10-13 21:42:00.153000+00:00,149.076,149.121,
Tick,2024-10-13 21:42:00.153000+00:00,149.075,149.12,
Tick,2024-10-13 21:42:00.163000+00:00,149.074,,
Tick,2024-10-13 21:42:00.166000+00:00,149.073,,
Tick,2024-10-13 21:42:00.169000+00:00,149.074,149.121,
Tick,2024-10-13 21:42:00.176000+00:00,149.076,149.124,
Tick,2024-10-13 21:42:00.178000+00:00,149.077,149.125,
Tick,2024-10-13 21:42:00.736000+00:00,,149.126,
Tick,2024-10-13 21:42:01.092000+00:00,149.078,149.125,
Tick,2024-10-13 21:42:01.467000+00:00,149.079,149.126,
Tick,2024-10-13 21:42:04.469000+00:00,149.078,149.125,
Tick,2024-10-13 21:42:04.530000+00:00,149.079,149.126,
Tick,2024-10-13 21:42:06.571000+00:00,149.08,149.127,
Tick,2024-10-13 21:42:06.662000+00:00,149.082,149.128,
Tick,2024-10-13 21:42:06.665000+00:00,149.08,149.127,
Tick,2024-10-13 21:42:06.671000+00:00,149.079,,
Tick,2024-10-13 21:42:06.689000+00:00,149.083,149.131,
Tick,2024-10-13 21:42:06.690000+00:00,149.085,149.133,
Tick,2024-10-13 21:42:06.715000+00:00,149.088,149.136,
Tick,2024-10-13 21:42:06.768000+00:00,149.09,149.138,
Tick,2024-10-13 21:42:06.786000+00:00,,149.139,
Tick,2024-10-13 21:42:06.812000+00:00,149.091,,
Tick,2024-10-13 21:42:06.867000+00:00,,149.14,
Tick,2024-10-13 21:42:06.928000+00:00,,149.139,
Tick,2024-10-13 21:42:06.983000+00:00,149.092,149.14,
Tick,2024-10-13 21:42:07.027000+00:00,149.091,149.139,
Tick,2024-10-13 21:42:07.081000+00:00,,149.14,
Tick,2024-10-13 21:42:07.131000+00:00,149.092,,
Tick,2024-10-13 21:42:07.187000+00:00,149.093,149.141,
Tick,2024-10-13 21:42:07.255000+00:00,149.092,149.14,
Tick,2024-10-13 21:42:07.662000+00:00,,149.141,
Tick,2024-10-13 21:42:07.712000+00:00,149.094,,
Tick,2024-10-13 21:42:08.078000+00:00,149.093,149.142,
Tick,2024-10-13 21:42:09.598000+00:00,,149.14,
Tick,2024-10-13 21:42:10.095000+00:00,,149.142,
Tick,2024-10-13 21:42:10.617000+00:00,149.092,149.141,
Tick,2024-10-13 21:42:11.982000+00:00,149.093,,
Tick,2024-10-13 21:42:12.198000+00:00,149.094,,
Tick,2024-10-13 21:42:12.297000+00:00,149.093,,
Tick,2024-10-13 21:42:14.176000+00:00,149.094,149.142,
Tick,2024-10-13 21:42:16.185000+00:00,149.093,149.141,
Tick,2024-10-13 21:42:16.224000+00:00,149.094,149.142,
Tick,2024-10-13 21:42:16.275000+00:00,149.095,149.143,
Tick,2024-10-13 21:42:16.747000+00:00,149.094,149.142,
Tick,2024-10-13 21:42:19.529000+00:00,149.095,149.143,
Tick,2024-10-13 21:42:20.831000+00:00,149.094,149.142,
Tick,2024-10-13 21:42:21.627000+00:00,149.095,149.143,
Tick,2024-10-13 21:42:22.181000+00:00,149.094,149.142,
Tick,2024-10-13 21:42:22.182000+00:00,149.093,149.141,
Tick,2024-10-13 21:42:23.683000+00:00,149.095,149.143,
Tick,2024-10-13 21:42:23.706000+00:00,149.094,149.142,
Tick,2024-10-13 21:42:26.685000+00:00,,149.141,
Tick,2024-10-13 21:42:27.017000+00:00,149.095,149.142,
Tick,2024-10-13 21:42:27.070000+00:00,149.094,149.141,
Tick,2024-10-13 21:42:27.084000+00:00,149.095,149.143,
Tick,2024-10-13 21:42:27.123000+00:00,149.096,149.144,
Tick,2024-10-13 21:42:27.669000+00:00,149.095,149.143,
Tick,2024-10-13 21:42:30.174000+00:00,149.094,149.141,
Tick,2024-10-13 21:42:30.176000+00:00,149.095,149.143,
Tick,2024-10-13 21:42:30.176000+00:00,149.094,149.142,
Tick,2024-10-13 21:42:30.176000+00:00,,149.141,
Tick,2024-10-13 21:42:30.179000+00:00,149.095,149.143,
Tick,2024-10-13 21:42:30.182000+00:00,149.094,149.142,
Tick,2024-10-13 21:42:30.185000+00:00,149.095,149.143,
Tick,2024-10-13 21:42:30.185000+00:00,149.094,149.142,
Tick,2024-10-13 21:42:30.186000+00:00,149.095,149.143,
Tick,2024-10-13 21:42:30.293000+00:00,149.096,149.144,
Tick,2024-10-13 21:42:30.648000+00:00,149.094,149.142,
Tick,2024-10-13 21:42:30.687000+00:00,149.093,149.141,
Tick,2024-10-13 21:42:30.767000+00:00,149.09,149.138,
Tick,2024-10-13 21:42:30.767000+00:00,149.091,149.139,
Tick,2024-10-13 21:42:31.037000+00:00,149.09,149.138,
Tick,2024-10-13 21:42:31.043000+00:00,149.091,149.139,
Tick,2024-10-13 21:42:31.049000+00:00,149.09,149.138,
Tick,2024-10-13 21:42:31.051000+00:00,149.091,149.139,
Tick,2024-10-13 21:42:31.116000+00:00,149.09,149.138,
Tick,2024-10-13 21:42:31.134000+00:00,149.092,149.141,
Tick,2024-10-13 21:42:31.151000+00:00,149.091,149.14,
Tick,2024-10-13 21:42:31.691000+00:00,149.09,149.138,
Tick,2024-10-13 21:42:32.388000+00:00,149.089,149.137,
Tick,2024-10-13 21:42:32.431000+00:00,149.088,149.136,
Tick,2024-10-13 21:42:32.432000+00:00,149.087,,
Tick,2024-10-13 21:42:32.437000+00:00,149.088,,
Tick,2024-10-13 21:42:32.441000+00:00,149.089,149.137,
Tick,2024-10-13 21:42:32.477000+00:00,149.088,149.136,
Tick,2024-10-13 21:42:32.496000+00:00,149.087,149.135,
Tick,2024-10-13 21:42:32.498000+00:00,149.085,149.134,
Tick,2024-10-13 21:42:32.499000+00:00,149.084,149.133,
Tick,2024-10-13 21:42:32.500000+00:00,149.087,149.135,
Tick,2024-10-13 21:42:32.500000+00:00,149.088,149.136,
Tick,2024-10-13 21:42:32.504000+00:00,149.087,149.135,
Tick,2024-10-13 21:42:32.510000+00:00,149.09,149.139,
Tick,2024-10-13 21:42:32.517000+00:00,149.089,149.138,
Tick,2024-10-13 21:42:32.560000+00:00,149.086,149.134,
Tick,2024-10-13 21:42:32.935000+00:00,149.085,,
Tick,2024-10-13 21:42:32.935000+00:00,149.084,149.133,
Tick,2024-10-13 21:42:32.938000+00:00,149.085,,
Tick,2024-10-13 21:42:32.938000+00:00,149.086,149.134,
Tick,2024-10-13 21:42:32.945000+00:00,149.084,149.133,
Tick,2024-10-13 21:42:32.945000+00:00,149.083,149.132,
Tick,2024-10-13 21:42:32.946000+00:00,149.086,149.134,
Tick,2024-10-13 21:42:32.956000+00:00,149.085,149.133,
Tick,2024-10-13 21:42:32.957000+00:00,149.084,,
Tick,2024-10-13 21:42:32.994000+00:00,,149.132,
Tick,2024-10-13 21:42:33.009000+00:00,149.083,,
Tick,2024-10-13 21:42:33.009000+00:00,149.082,149.131,
Tick,2024-10-13 21:42:33.040000+00:00,149.086,149.135,
Tick,2024-10-13 21:42:33.040000+00:00,149.082,149.131,
Tick,2024-10-13 21:42:33.048000+00:00,149.086,149.135,
Tick,2024-10-13 21:42:33.098000+00:00,149.085,149.134,
Tick,2024-10-13 21:42:33.345000+00:00,149.081,149.13,
Tick,2024-10-13 21:42:33.345000+00:00,149.084,149.133,
Tick,2024-10-13 21:42:33.351000+00:00,149.086,149.135,
Tick,2024-10-13 21:42:33.422000+00:00,149.087,149.136,
Tick,2024-10-13 21:42:33.642000+00:00,149.085,149.133,
Tick,2024-10-13 21:42:33.644000+00:00,149.084,149.132,
Tick,2024-10-13 21:42:33.714000+00:00,149.085,149.133,
Tick,2024-10-13 21:42:33.730000+00:00,149.084,149.132,
Tick,2024-10-13 21:42:33.780000+00:00,149.085,149.133,
Tick,2024-10-13 21:42:34.003000+00:00,149.086,149.134,
Tick,2024-10-13 21:42:34.005000+00:00,149.087,149.135,
Tick,2024-10-13 21:42:34.010000+00:00,149.086,149.134,
Tick,2024-10-13 21:42:34.059000+00:00,149.085,149.133,
Tick,2024-10-13 21:42:34.246000+00:00,149.086,149.134,
Tick,2024-10-13 21:42:34.296000+00:00,149.085,149.133,
Tick,2024-10-13 21:42:37.095000+00:00,149.084,149.132,
Tick,2024-10-13 21:42:37.095000+00:00,149.083,,
Tick,2024-10-13 21:42:37.096000+00:00,149.084,149.133,
Tick,2024-10-13 21:42:37.096000+00:00,149.083,149.132,
Tick,2024-10-13 21:42:37.097000+00:00,149.084,,
Tick,2024-10-13 21:42:37.097000+00:00,149.083,,
Tick,2024-10-13 21:42:37.097000+00:00,149.084,149.133,
Tick,2024-10-13 21:42:37.098000+00:00,149.085,,
Tick,2024-10-13 21:42:37.099000+00:00,149.086,149.134,
Tick,2024-10-13 21:42:37.102000+00:00,149.085,149.133,
Tick,2024-10-13 21:42:37.104000+00:00,149.086,149.134,
Tick,2024-10-13 21:42:37.110000+00:00,149.087,149.135,
Tick,2024-10-13 21:42:37.121000+00:00,149.088,149.136,
Tick,2024-10-13 21:42:37.160000+00:00,149.087,149.135,
Tick,2024-10-13 21:42:37.230000+00:00,149.086,149.134,
Tick,2024-10-13 21:42:37.574000+00:00,149.087,149.135,
Tick,2024-10-13 21:42:38.631000+00:00,149.088,149.136,
Tick,2024-10-13 21:42:38.693000+00:00,149.087,149.134,
Tick,2024-10-13 21:42:42.749000+00:00,149.085,149.133,
Tick,2024-10-13 21:42:42.761000+00:00,149.086,149.134,
Tick,2024-10-13 21:42:42.802000+00:00,149.087,149.135,
Tick,2024-10-13 21:42:42.802000+00:00,149.086,149.134,
Tick,2024-10-13 21:42:42.804000+00:00,149.087,,
Tick,2024-10-13 21:42:42.826000+00:00,149.086,149.133,
Tick,2024-10-13 21:42:43.507000+00:00,149.087,149.134,
Tick,2024-10-13 21:42:43.526000+00:00,149.088,149.135,
Tick,2024-10-13 21:42:43.531000+00:00,149.087,149.134,
Tick,2024-10-13 21:42:43.537000+00:00,149.089,149.136,
Tick,2024-10-13 21:42:43.588000+00:00,149.088,149.135,
Tick,2024-10-13 21:42:43.632000+00:00,149.087,149.134,
Tick,2024-10-13 21:42:44.573000+00:00,149.088,149.135,
Tick,2024-10-13 21:42:44.577000+00:00,149.087,149.134,
Tick,2024-10-13 21:42:44.582000+00:00,149.088,149.135,
Tick,2024-10-13 21:42:44.584000+00:00,149.087,149.134,
Tick,2024-10-13 21:42:44.589000+00:00,149.086,,
Tick,2024-10-13 21:42:44.596000+00:00,149.085,149.133,
Tick,2024-10-13 21:42:44.652000+00:00,149.086,149.134,
Tick,2024-10-13 21:42:44.657000+00:00,149.085,149.133,
Tick,2024-10-13 21:42:44.658000+00:00,149.086,149.134,
Tick,2024-10-13 21:42:44.661000+00:00,149.085,149.132,
Tick,2024-10-13 21:42:44.661000+00:00,149.084,,
Tick,2024-10-13 21:42:44.661000+00:00,149.086,149.133,
Tick,2024-10-13 21:42:44.664000+00:00,149.085,149.132,
Tick,2024-10-13 21:42:44.687000+00:00,149.084,149.131,
Tick,2024-10-13 21:42:45.031000+00:00,149.085,149.132,
Tick,2024-10-13 21:42:45.083000+00:00,149.083,149.131,
Tick,2024-10-13 21:42:45.084000+00:00,149.084,149.132,
Tick,2024-10-13 21:42:45.086000+00:00,149.082,149.13,
Tick,2024-10-13 21:42:45.086000+00:00,149.084,149.132,
Tick,2024-10-13 21:42:45.087000+00:00,149.085,,
Tick,2024-10-13 21:42:45.149000+00:00,149.084,,
Tick,2024-10-13 21:42:45.150000+00:00,149.083,149.131,
Tick,2024-10-13 21:42:45.152000+00:00,149.084,149.132,
Tick,2024-10-13 21:42:45.152000+00:00,149.085,,
Tick,2024-10-13 21:42:45.160000+00:00,149.083,149.131,
Tick,2024-10-13 21:42:45.160000+00:00,149.085,149.132,
Tick,2024-10-13 21:42:45.160000+00:00,149.084,149.131,
Tick,2024-10-13 21:42:45.170000+00:00,149.085,149.132,
Tick,2024-10-13 21:42:45.222000+00:00,149.084,,
Tick,2024-10-13 21:42:45.224000+00:00,149.083,149.131,
Tick,2024-10-13 21:42:45.225000+00:00,149.084,149.132,
Tick,2024-10-13 21:42:45.225000+00:00,149.085,149.133,
Tick,2024-10-13 21:42:45.227000+00:00,,149.132,
Tick,2024-10-13 21:42:45.228000+00:00,149.083,149.131,
Tick,2024-10-13 21:42:45.229000+00:00,149.08,149.128,
Tick,2024-10-13 21:42:45.229000+00:00,149.081,149.129,
Tick,2024-10-13 21:42:45.234000+00:00,149.082,149.13,
Tick,2024-10-13 21:42:45.249000+00:00,149.081,149.129,
Tick,2024-10-13 21:42:45.345000+00:00,149.08,149.128,
Tick,2024-10-13 21:42:45.531000+00:00,149.081,149.129,
Tick,2024-10-13 21:42:45.581000+00:00,149.08,149.128,
Tick,2024-10-13 21:42:45.581000+00:00,149.081,149.129,
Tick,2024-10-13 21:42:45.585000+00:00,149.08,,
Tick,2024-10-13 21:42:45.590000+00:00,149.081,,
Tick,2024-10-13 21:42:45.614000+00:00,149.08,149.128,
Tick,2024-10-13 21:42:46.081000+00:00,149.082,149.13,
Tick,2024-10-13 21:42:46.082000+00:00,149.08,149.128,
Tick,2024-10-13 21:42:46.082000+00:00,149.081,149.129,
Tick,2024-10-13 21:42:46.082000+00:00,149.082,149.13,
Tick,2024-10-13 21:42:46.082000+00:00,149.083,149.131,
Tick,2024-10-13 21:42:46.084000+00:00,149.084,,
Tick,2024-10-13 21:42:46.085000+00:00,149.082,149.13,
Tick,2024-10-13 21:42:46.086000+00:00,149.083,149.131,
Tick,2024-10-13 21:42:46.099000+00:00,149.084,149.132,
Tick,2024-10-13 21:42:46.103000+00:00,149.083,149.131,
Tick,2024-10-13 21:42:46.140000+00:00,149.084,149.132,
Tick,2024-10-13 21:42:46.200000+00:00,149.083,149.131,
Tick,2024-10-13 21:42:46.518000+00:00,149.082,149.13,
Tick,2024-10-13 21:42:46.519000+00:00,149.084,149.132,
Tick,2024-10-13 21:42:46.519000+00:00,149.082,149.13,
Tick,2024-10-13 21:42:46.520000+00:00,149.084,149.132,
Tick,2024-10-13 21:42:46.520000+00:00,149.082,149.13,
Tick,2024-10-13 21:42:46.520000+00:00,149.084,149.132,
Tick,2024-10-13 21:42:46.520000+00:00,149.083,149.131,
Tick,2024-10-13 21:42:46.525000+00:00,149.082,149.13,
Tick,2024-10-13 21:42:46.526000+00:00,149.084,149.132,
Tick,2024-10-13 21:42:46.526000+00:00,149.083,149.131,
Tick,2024-10-13 21:42:46.532000+00:00,149.084,149.132,
Tick,2024-10-13 21:42:46.591000+00:00,149.082,149.131,
Tick,2024-10-13 21:42:46.593000+00:00,149.084,149.132,
Tick,2024-10-13 21:42:46.593000+00:00,149.083,149.131,
Tick,2024-10-13 21:42:47.002000+00:00,149.084,149.132,
Tick,2024-10-13 21:42:47.073000+00:00,149.085,149.133,
Tick,2024-10-13 21:42:47.080000+00:00,149.084,149.132,
Tick,2024-10-13 21:42:48.906000+00:00,149.083,149.131,
Tick,2024-10-13 21:42:48.974000+00:00,149.084,149.132,
Tick,2024-10-13 21:42:49.098000+00:00,149.083,149.131,
Tick,2024-10-13 21:42:49.607000+00:00,149.085,149.133,
Tick,2024-10-13 21:42:49.628000+00:00,149.087,149.135,
Tick,2024-10-13 21:42:51.800000+00:00,149.088,149.136,
Tick,2024-10-13 21:42:53.502000+00:00,149.087,149.135,
Tick,2024-10-13 21:42:55.203000+00:00,149.088,149.136,
Tick,2024-10-13 21:42:55.303000+00:00,149.085,149.132,
Tick,2024-10-13 21:42:55.360000+00:00,149.084,149.13,
Tick,2024-10-13 21:42:55.404000+00:00,,149.131,
Tick,2024-10-13 21:42:55.603000+00:00,149.085,149.132,
Tick,2024-10-13 21:42:55.621000+00:00,149.084,149.131,
Tick,2024-10-13 21:42:55.804000+00:00,149.083,,
Tick,2024-10-13 21:42:56.736000+00:00,149.084,149.132,
Tick,2024-10-13 21:42:56.740000+00:00,149.083,149.131,
Tick,2024-10-13 21:42:57.077000+00:00,149.081,149.129,
Tick,2024-10-13 21:42:57.137000+00:00,149.082,149.13,
Tick,2024-10-13 21:42:57.188000+00:00,149.083,149.131,
Tick,2024-10-13 21:42:57.290000+00:00,149.082,149.13,
Tick,2024-10-13 21:42:57.447000+00:00,149.083,149.131,
Tick,2024-10-13 21:42:57.982000+00:00,149.082,149.13,
Tick,2024-10-13 21:42:57.996000+00:00,149.083,149.131,
Tick,2024-10-13 21:42:58.004000+00:00,149.082,149.13,
Tick,2024-10-13 21:42:58.012000+00:00,149.081,,
Tick,2024-10-13 21:42:58.032000+00:00,149.08,149.129,
Tick,2024-10-13 21:42:58.036000+00:00,,149.128,
Tick,2024-10-13 21:42:58.036000+00:00,149.082,149.13,
Tick,2024-10-13 21:42:58.068000+00:00,149.08,149.128,
Tick,2024-10-13 21:42:58.129000+00:00,149.079,,
Tick,2024-10-13 21:42:58.182000+00:00,149.081,149.13,
Tick,2024-10-13 21:42:58.494000+00:00,149.082,149.131,
Tick,2024-10-13 21:42:58.543000+00:00,149.081,149.129,
Tick,2024-10-13 21:42:59.106000+00:00,,149.13,
Tick,2024-10-13 21:42:59.196000+00:00,149.08,149.128,
Tick,2024-10-13 21:42:59.695000+00:00,,149.129,
Tick,2024-10-13 21:42:59.784000+00:00,149.079,149.127,
Tick,2024-10-13 21:42:59.933000+00:00,149.078,,
Tick,2024-10-13 21:43:00.165000+00:00,149.079,,
Tick,2024-10-13 21:43:00.165000+00:00,149.078,149.126,
Tick,2024-10-13 21:43:00.174000+00:00,149.08,149.128,
Tick,2024-10-13 21:43:00.307000+00:00,149.081,149.129,
Tick,2024-10-13 21:43:00.626000+00:00,149.082,149.13,
Tick,2024-10-13 21:43:00.676000+00:00,149.081,149.129,
Tick,2024-10-13 21:43:00.752000+00:00,149.082,149.13,
Tick,2024-10-13 21:43:00.808000+00:00,149.081,149.129,
Tick,2024-10-13 21:43:00.969000+00:00,149.08,149.128,
Tick,2024-10-13 21:43:00.989000+00:00,149.081,149.13,
Tick,2024-10-13 21:43:00.992000+00:00,149.08,149.129,
Tick,2024-10-13 21:43:00.997000+00:00,149.081,149.13,
Tick,2024-10-13 21:43:01.002000+00:00,149.079,149.128,
Tick,2024-10-13 21:43:01.006000+00:00,149.081,149.13,
Tick,2024-10-13 21:43:01.006000+00:00,149.08,149.129,
Tick,2024-10-13 21:43:01.007000+00:00,149.081,149.13,
Tick,2024-10-13 21:43:01.009000+00:00,149.079,149.128,
Tick,2024-10-13 21:43:01.012000+00:00,149.081,149.13,
Tick,2024-10-13 21:43:01.014000+00:00,149.078,149.127,
Tick,2024-10-13 21:43:01.015000+00:00,149.079,149.128,
Tick,2024-10-13 21:43:01.019000+00:00,149.078,149.126,
Tick,2024-10-13 21:43:01.019000+00:00,149.081,149.129,
Tick,2024-10-13 21:43:01.057000+00:00,149.078,149.127,
Tick,2024-10-13 21:43:01.087000+00:00,149.079,149.128,
Tick,2024-10-13 21:43:01.098000+00:00,149.078,149.127,
Tick,2024-10-13 21:43:01.111000+00:00,149.079,149.128,
Tick,2024-10-13 21:43:01.160000+00:00,149.076,149.125,
Tick,2024-10-13 21:43:01.221000+00:00,149.077,149.126,
Tick,2024-10-13 21:43:01.475000+00:00,149.078,149.127,
Tick,2024-10-13 21:43:01.525000+00:00,149.079,149.128,
Tick,2024-10-13 21:43:01.626000+00:00,149.078,149.126,
Tick,2024-10-13 21:43:01.738000+00:00,149.079,149.127,
Tick,2024-10-13 21:43:02.165000+00:00,,149.128,
Tick,2024-10-13 21:43:02.266000+00:00,,149.127,
Tick,2024-10-13 21:43:02.679000+00:00,149.081,149.129,
Tick,2024-10-13 21:43:02.721000+00:00,149.082,149.13,
Tick,2024-10-13 21:43:02.772000+00:00,149.079,149.127,
Tick,2024-10-13 21:43:03.261000+00:00,149.081,149.129,
Tick,2024-10-13 21:43:03.311000+00:00,149.079,149.127,
Tick,2024-10-13 21:43:03.395000+00:00,149.081,149.13,
Tick,2024-10-13 21:43:03.397000+00:00,149.079,149.128,
Tick,2024-10-13 21:43:03.400000+00:00,149.08,149.129,
Tick,2024-10-13 21:43:03.402000+00:00,149.081,149.13,
Tick,2024-10-13 21:43:03.403000+00:00,149.079,149.128,
Tick,2024-10-13 21:43:03.409000+00:00,149.08,149.129,
Tick,2024-10-13 21:43:03.411000+00:00,149.079,149.128,
Tick,2024-10-13 21:43:03.515000+00:00,149.077,149.126,
Tick,2024-10-13 21:43:03.524000+00:00,149.076,149.125,
Tick,2024-10-13 21:43:03.559000+00:00,149.075,149.124,
Tick,2024-10-13 21:43:03.719000+00:00,149.077,149.126,
Tick,2024-10-13 21:43:04.177000+00:00,149.078,149.127,
Tick,2024-10-13 21:43:04.249000+00:00,149.077,149.126,
Tick,2024-10-13 21:43:04.298000+00:00,149.076,149.125,
Tick,2024-10-13 21:43:04.380000+00:00,149.078,149.126,
Tick,2024-10-13 21:43:04.525000+00:00,149.077,,
Tick,2024-10-13 21:43:04.575000+00:00,149.079,149.127,
Tick,2024-10-13 21:43:04.610000+00:00,,149.128,
Tick,2024-10-13 21:43:04.628000+00:00,149.078,149.127,
Tick,2024-10-13 21:43:04.671000+00:00,149.077,149.126,
Tick,2024-10-13 21:43:04.769000+00:00,149.075,149.124,
Tick,2024-10-13 21:43:05.229000+00:00,149.078,149.127,
Tick,2024-10-13 21:43:05.229000+00:00,149.076,149.125,
Tick,2024-10-13 21:43:05.229000+00:00,149.075,149.124,
Tick,2024-10-13 21:43:05.229000+00:00,149.074,149.122,
Tick,2024-10-13 21:43:05.245000+00:00,149.075,149.124,
Tick,2024-10-13 21:43:05.343000+00:00,149.074,149.122,
Tick,2024-10-13 21:43:05.448000+00:00,,149.123,
Tick,2024-10-13 21:43:05.518000+00:00,149.075,149.124,
Tick,2024-10-13 21:43:05.562000+00:00,149.074,149.123,
Tick,2024-10-13 21:43:05.611000+00:00,149.073,149.121,
Tick,2024-10-13 21:43:05.910000+00:00,149.074,149.122,
Tick,2024-10-13 21:43:06.068000+00:00,149.073,149.121,
Tick,2024-10-13 21:43:06.241000+00:00,149.074,149.122,
Tick,2024-10-13 21:43:06.324000+00:00,149.073,149.121,
Tick,2024-10-13 21:43:06.438000+00:00,149.074,149.122,
Tick,2024-10-13 21:43:06.712000+00:00,149.072,149.12,
Tick,2024-10-13 21:43:11.014000+00:00,149.071,,
Tick,2024-10-13 21:43:20.520000+00:00,149.069,149.117,
Tick,2024-10-13 21:43:24.223000+00:00,149.07,149.118,
Tick,2024-10-13 21:43:24.658000+00:00,149.072,149.12,
Tick,2024-10-13 21:43:26.364000+00:00,149.073,149.121,
Tick,2024-10-13 21:43:26.477000+00:00,149.072,149.12,
Tick,2024-10-13 21:43:26.524000+00:00,149.073,149.121,
Tick,2024-10-13 21:43:26.529000+00:00,149.072,149.12,
Tick,2024-10-13 21:43:30.527000+00:00,149.073,149.121,
Tick,2024-10-13 21:43:33.128000+00:00,149.072,149.12,
Tick,2024-10-13 21:43:38.631000+00:00,149.071,149.119,
Tick,2024-10-13 21:43:40.374000+00:00,149.073,149.12,
Tick,2024-10-13 21:43:40.808000+00:00,149.072,,
Tick,2024-10-13 21:43:50.140000+00:00,,149.119,
Tick,2024-10-13 21:43:51.514000+00:00,149.074,149.121,
Tick,2024-10-13 21:43:51.714000+00:00,149.075,149.122,
Tick,2024-10-13 21:43:53.404000+00:00,149.073,149.12,
Tick,2024-10-13 21:43:55.814000+00:00,149.074,149.121,
Tick,2024-10-13 21:44:00.193000+00:00,149.075,149.122,
Tick,2024-10-13 21:44:01.611000+00:00,149.077,149.123,
Tick,2024-10-13 21:44:10.540000+00:00,149.078,149.124,
Tick,2024-10-13 21:44:14.599000+00:00,149.077,149.123,
Tick,2024-10-13 21:44:14.600000+00:00,149.078,149.124,
Tick,2024-10-13 21:44:14.601000+00:00,149.077,149.123,
Tick,2024-10-13 21:44:14.607000+00:00,149.078,149.124,
Tick,2024-10-13 21:44:22.160000+00:00,149.079,149.125,
Tick,2024-10-13 21:44:22.532000+00:00,149.078,149.124,
Tick,2024-10-13 21:44:22.533000+00:00,149.077,149.123,
Tick,2024-10-13 21:44:22.534000+00:00,149.076,149.122,
Tick,2024-10-13 21:44:22.537000+00:00,149.077,149.123,
Tick,2024-10-13 21:44:22.538000+00:00,149.078,149.124,
Tick,2024-10-13 21:44:22.542000+00:00,149.076,149.122,
Tick,2024-10-13 21:44:22.547000+00:00,149.077,149.123,
Tick,2024-10-13 21:44:22.547000+00:00,149.078,149.124,
Tick,2024-10-13 21:44:22.556000+00:00,149.076,149.123,
Tick,2024-10-13 21:44:22.556000+00:00,149.078,149.124,
Tick,2024-10-13 21:44:22.566000+00:00,149.076,149.123,
Tick,2024-10-13 21:44:22.566000+00:00,149.077,,
Tick,2024-10-13 21:44:22.567000+00:00,149.078,149.124,
Tick,2024-10-13 21:44:22.575000+00:00,149.076,149.123,
Tick,2024-10-13 21:44:22.575000+00:00,149.077,,
Tick,2024-10-13 21:44:22.575000+00:00,149.078,149.124,
Tick,2024-10-13 21:44:22.582000+00:00,149.076,149.123,
Tick,2024-10-13 21:44:22.583000+00:00,149.077,,
Tick,2024-10-13 21:44:22.584000+00:00,149.078,149.124,
Tick,2024-10-13 21:44:22.590000+00:00,149.076,149.123,
Tick,2024-10-13 21:44:22.591000+00:00,149.078,149.124,
Tick,2024-10-13 21:44:22.598000+00:00,149.076,149.123,
Tick,2024-10-13 21:44:22.603000+00:00,149.077,149.124,
Tick,2024-10-13 21:44:22.604000+00:00,,149.123,
Tick,2024-10-13 21:44:22.651000+00:00,149.076,,
Tick,2024-10-13 21:44:23.059000+00:00,149.077,,
Tick,2024-10-13 21:44:24.582000+00:00,149.076,149.122,
Tick,2024-10-13 21:44:24.611000+00:00,149.077,149.123,
Tick,2024-10-13 21:44:24.613000+00:00,149.076,,
Tick,2024-10-13 21:44:24.619000+00:00,149.077,,
Tick,2024-10-13 21:44:24.625000+00:00,149.076,,
Tick,2024-10-13 21:44:24.626000+00:00,149.077,,
Tick,2024-10-13 21:44:24.632000+00:00,149.076,,
Tick,2024-10-13 21:44:24.633000+00:00,149.077,,
Tick,2024-10-13 21:44:25.181000+00:00,149.076,,
Tick,2024-10-13 21:44:25.183000+00:00,149.075,149.122,
Tick,2024-10-13 21:44:26.200000+00:00,149.076,149.123,
Tick,2024-10-13 21:44:26.685000+00:00,149.077,149.124,
Tick,2024-10-13 21:44:26.691000+00:00,149.076,149.123,
Tick,2024-10-13 21:44:26.694000+00:00,149.075,149.122,
Tick,2024-10-13 21:44:26.695000+00:00,149.076,149.123,
Tick,2024-10-13 21:44:26.700000+00:00,149.075,149.122,
Tick,2024-10-13 21:44:26.705000+00:00,149.076,,
Tick,2024-10-13 21:44:26.706000+00:00,149.077,149.124,
Tick,2024-10-13 21:44:26.715000+00:00,149.076,149.123,
Tick,2024-10-13 21:44:26.716000+00:00,149.075,149.122,
Tick,2024-10-13 21:44:26.749000+00:00,149.076,,
Tick,2024-10-13 21:44:26.760000+00:00,149.075,,
Tick,2024-10-13 21:44:26.864000+00:00,149.077,149.123,
Tick,2024-10-13 21:44:27.248000+00:00,149.078,149.124,
Tick,2024-10-13 21:44:27.251000+00:00,149.077,149.123,
Tick,2024-10-13 21:44:27.259000+00:00,149.078,149.124,
Tick,2024-10-13 21:44:27.261000+00:00,149.077,149.123,
Tick,2024-10-13 21:44:27.871000+00:00,149.078,149.124,
Tick,2024-10-13 21:44:27.927000+00:00,149.079,149.125,
Tick,2024-10-13 21:44:27.927000+00:00,149.078,149.124,
Tick,2024-10-13 21:44:29.593000+00:00,149.077,149.123,
Tick,2024-10-13 21:44:29.597000+00:00,149.076,,
Tick,2024-10-13 21:44:30.070000+00:00,,149.122,
Tick,2024-10-13 21:44:30.071000+00:00,149.077,149.123,
Tick,2024-10-13 21:44:30.493000+00:00,149.076,,
Tick,2024-10-13 21:44:30.558000+00:00,,149.122,
Tick,2024-10-13 21:44:30.563000+00:00,149.077,149.123,
Tick,2024-10-13 21:44:31.602000+00:00,149.078,149.124,
Tick,2024-10-13 21:44:31.741000+00:00,149.077,149.123,
Tick,2024-10-13 21:44:33.404000+00:00,149.078,149.124,
Tick,2024-10-13 21:44:37.161000+00:00,149.077,149.123,
Tick,2024-10-13 21:44:38.943000+00:00,149.076,,
Tick,2024-10-13 21:44:38.952000+00:00,149.075,149.122,
Tick,2024-10-13 21:44:39.009000+00:00,,149.121,
Tick,2024-10-13 21:44:39.010000+00:00,149.077,149.123,
Tick,2024-10-13 21:44:39.014000+00:00,149.075,149.122,
Tick,2024-10-13 21:44:39.020000+00:00,149.076,,
Tick,2024-10-13 21:44:39.020000+00:00,149.078,149.124,
Tick,2024-10-13 21:44:39.025000+00:00,149.077,149.123,
Tick,2024-10-13 21:44:39.027000+00:00,149.075,149.122,
Tick,2024-10-13 21:44:39.029000+00:00,149.077,149.123,
Tick,2024-10-13 21:44:39.029000+00:00,149.076,149.122,
Tick,2024-10-13 21:44:39.034000+00:00,,149.121,
Tick,2024-10-13 21:44:39.039000+00:00,,149.122,
Tick,2024-10-13 21:44:39.046000+00:00,149.075,,
Tick,2024-10-13 21:44:39.067000+00:00,149.076,149.123,
Tick,2024-10-13 21:44:39.100000+00:00,149.075,149.122,
Tick,2024-10-13 21:44:39.101000+00:00,149.077,149.124,
Tick,2024-10-13 21:44:39.101000+00:00,149.076,149.123,
Tick,2024-10-13 21:44:39.106000+00:00,149.075,149.122,
Tick,2024-10-13 21:44:39.112000+00:00,149.077,149.124,
Tick,2024-10-13 21:44:39.120000+00:00,149.075,149.122,
Tick,2024-10-13 21:44:39.512000+00:00,149.077,149.124,
Tick,2024-10-13 21:44:39.523000+00:00,149.076,149.123,
Tick,2024-10-13 21:44:39.559000+00:00,,149.122,
Tick,2024-10-13 21:44:40.036000+00:00,149.075,,
Tick,2024-10-13 21:44:40.173000+00:00,149.072,149.12,
Tick,2024-10-13 21:44:40.419000+00:00,149.073,149.121,
Tick,2024-10-13 21:44:40.419000+00:00,149.074,149.122,
Tick,2024-10-13 21:44:40.423000+00:00,149.073,149.121,
Tick,2024-10-13 21:44:40.573000+00:00,149.074,149.122,
Tick,2024-10-13 21:44:41.373000+00:00,149.075,149.123,
Tick,2024-10-13 21:44:43.171000+00:00,149.076,,
Tick,2024-10-13 21:44:44.876000+00:00,149.077,149.124,
Tick,2024-10-13 21:44:48.493000+00:00,149.078,149.125,
Tick,2024-10-13 21:44:50.880000+00:00,149.079,,
Tick,2024-10-13 21:44:50.948000+00:00,149.078,149.124,
Tick,2024-10-13 21:44:50.979000+00:00,149.077,149.123,
Tick,2024-10-13 21:44:51.453000+00:00,149.078,149.124,
Tick,2024-10-13 21:44:56.893000+00:00,149.079,149.125,
Tick,2024-10-13 21:44:56.894000+00:00,149.078,149.124,
Tick,2024-10-13 21:44:56.895000+00:00,149.079,149.125,
Tick,2024-10-13 21:44:57.381000+00:00,149.078,149.124,
Tick,2024-10-13 21:44:57.454000+00:00,149.077,149.123,
Tick,2024-10-13 21:44:59.669000+00:00,149.078,149.124,
Tick,2024-10-13 21:44:59.670000+00:00,149.079,149.125,
Tick,2024-10-13 21:44:59.670000+00:00,149.078,149.124,
Tick,2024-10-13 21:44:59.674000+00:00,149.079,149.125,
Tick,2024-10-13 21:44:59.688000+00:00,149.078,149.124,
Tick,2024-10-13 21:45:00.165000+00:00,149.078,,
Tick,2024-10-13 21:45:00.372000+00:00,149.079,149.125,
Tick,2024-10-13 21:45:00.373000+00:00,149.08,149.126,
Tick,2024-10-13 21:45:00.383000+00:00,149.081,149.127,
Tick,2024-10-13 21:45:00.429000+00:00,149.079,149.125,
Tick,2024-10-13 21:45:00.430000+00:00,149.078,,
Tick,2024-10-13 21:45:00.451000+00:00,149.081,149.127,
Tick,2024-10-13 21:45:00.459000+00:00,149.082,149.128,
Tick,2024-10-13 21:45:00.460000+00:00,149.079,149.126,
Tick,2024-10-13 21:45:00.471000+00:00,149.078,149.125,
Tick,2024-10-13 21:45:00.472000+00:00,149.079,149.126,
Tick,2024-10-13 21:45:00.474000+00:00,149.078,149.124,
Tick,2024-10-13 21:45:00.476000+00:00,149.079,149.125,
Tick,2024-10-13 21:45:00.479000+00:00,149.08,149.127,
Tick,2024-10-13 21:45:00.480000+00:00,149.079,149.126,
Tick,2024-10-13 21:45:00.481000+00:00,149.078,149.125,
Tick,2024-10-13 21:45:00.482000+00:00,149.079,149.126,
Tick,2024-10-13 21:45:00.483000+00:00,149.078,149.124,
Tick,2024-10-13 21:45:00.486000+00:00,149.081,149.129,
Tick,2024-10-13 21:45:00.487000+00:00,149.082,149.13,
Tick,2024-10-13 21:45:00.512000+00:00,149.084,149.133,
Tick,2024-10-13 21:45:00.524000+00:00,149.083,149.132,
Tick,2024-10-13 21:45:00.539000+00:00,149.08,149.129,
Tick,2024-10-13 21:45:00.549000+00:00,149.079,149.128,
Tick,2024-10-13 21:45:00.552000+00:00,149.078,149.127,
Tick,2024-10-13 21:45:00.552000+00:00,149.08,149.128,
Tick,2024-10-13 21:45:00.554000+00:00,149.083,149.132,
Tick,2024-10-13 21:45:00.557000+00:00,149.082,149.131,
Tick,2024-10-13 21:45:00.597000+00:00,149.084,149.133,
Tick,2024-10-13 21:45:00.986000+00:00,149.085,149.134,
Tick,2024-10-13 21:45:01.094000+00:00,149.081,149.129,
Tick,2024-10-13 21:45:01.168000+00:00,,149.13,
Tick,2024-10-13 21:45:01.172000+00:00,,149.129,
Tick,2024-10-13 21:45:01.174000+00:00,149.08,149.128,
Tick,2024-10-13 21:45:01.175000+00:00,149.078,149.127,
Tick,2024-10-13 21:45:01.176000+00:00,149.08,149.128,
Tick,2024-10-13 21:45:01.189000+00:00,149.081,149.129,
Tick,2024-10-13 21:45:01.234000+00:00,149.08,149.128,
Tick,2024-10-13 21:45:01.503000+00:00,149.081,149.13,
Tick,2024-10-13 21:45:01.531000+00:00,149.08,149.129,
Tick,2024-10-13 21:45:01.581000+00:00,149.081,149.13,
Tick,2024-10-13 21:45:02.591000+00:00,,149.129,
Tick,2024-10-13 21:45:02.607000+00:00,149.082,149.13,
Tick,2024-10-13 21:45:02.610000+00:00,149.083,149.131,
Tick,2024-10-13 21:45:02.668000+00:00,149.082,149.13,
Tick,2024-10-13 21:45:03.132000+00:00,,149.131,
Tick,2024-10-13 21:45:09.493000+00:00,149.083,,
Tick,2024-10-13 21:45:09.571000+00:00,149.084,149.132,
Tick,2024-10-13 21:45:10.169000+00:00,149.083,,
Tick,2024-10-13 21:45:10.494000+00:00,149.084,,
Tick,2024-10-13 21:45:10.505000+00:00,149.085,149.133,
Tick,2024-10-13 21:45:10.506000+00:00,149.084,149.132,
Tick,2024-10-13 21:45:10.509000+00:00,149.085,149.133,
Tick,2024-10-13 21:45:10.510000+00:00,149.084,149.132,
Tick,2024-10-13 21:45:10.558000+00:00,149.085,149.133,
Tick,2024-10-13 21:45:10.563000+00:00,149.084,149.132,
Tick,2024-10-13 21:45:10.583000+00:00,149.085,149.133,
Tick,2024-10-13 21:45:10.636000+00:00,149.084,,
Tick,2024-10-13 21:45:10.650000+00:00,149.085,,
Tick,2024-10-13 21:45:14.361000+00:00,149.086,149.134,
Tick,2024-10-13 21:45:14.661000+00:00,149.087,149.135,
Tick,2024-10-13 21:45:16.488000+00:00,149.086,149.134,
Tick,2024-10-13 21:45:16.683000+00:00,149.087,149.135,
Tick,2024-10-13 21:45:18.207000+00:00,149.086,,
Tick,2024-10-13 21:45:18.259000+00:00,,149.134,
Tick,2024-10-13 21:45:18.280000+00:00,149.085,149.133,
Tick,2024-10-13 21:45:18.312000+00:00,149.086,149.134,
Tick,2024-10-13 21:45:18.386000+00:00,149.085,,
Tick,2024-10-13 21:45:18.393000+00:00,149.084,149.133,
Tick,2024-10-13 21:45:18.398000+00:00,149.085,149.134,
Tick,2024-10-13 21:45:18.399000+00:00,149.086,,
Tick,2024-10-13 21:45:18.458000+00:00,149.085,,
Tick,2024-10-13 21:45:18.459000+00:00,,149.133,
Tick,2024-10-13 21:45:18.853000+00:00,149.084,,
Tick,2024-10-13 21:45:18.855000+00:00,149.085,,
Tick,2024-10-13 21:45:18.865000+00:00,149.083,149.132,
Tick,2024-10-13 21:45:18.866000+00:00,149.084,149.133,
Tick,2024-10-13 21:45:18.867000+00:00,149.085,,
Tick,2024-10-13 21:45:18.922000+00:00,,149.134,
Tick,2024-10-13 21:45:18.963000+00:00,149.086,149.135,
Tick,2024-10-13 21:45:19.277000+00:00,149.085,149.134,
Tick,2024-10-13 21:45:20.035000+00:00,149.086,,
Tick,2024-10-13 21:45:20.036000+00:00,149.087,149.135,
Tick,2024-10-13 21:45:21.585000+00:00,149.086,149.134,
Tick,2024-10-13 21:45:21.589000+00:00,149.087,149.135,
Tick,2024-10-13 21:45:21.590000+00:00,149.086,149.134,
Tick,2024-10-13 21:45:21.597000+00:00,149.087,149.135,
Tick,2024-10-13 21:45:21.612000+00:00,149.086,149.134,
Tick,2024-10-13 21:45:22.327000+00:00,149.085,,
Tick,2024-10-13 21:45:22.327000+00:00,149.084,149.133,
Tick,2024-10-13 21:45:22.328000+00:00,149.085,149.134,
Tick,2024-10-13 21:45:22.329000+00:00,149.084,149.133,
Tick,2024-10-13 21:45:22.330000+00:00,149.085,149.134,
Tick,2024-10-13 21:45:22.337000+00:00,149.086,,
Tick,2024-10-13 21:45:22.349000+00:00,149.087,149.135,
Tick,2024-10-13 21:45:22.767000+00:00,149.088,149.136,
Tick,2024-10-13 21:45:23.089000+00:00,149.089,149.137,
Tick,2024-10-13 21:45:23.147000+00:00,149.088,149.136,
Tick,2024-10-13 21:45:26.938000+00:00,149.087,149.135,
Tick,2024-10-13 21:45:27.459000+00:00,149.088,149.136,
Tick,2024-10-13 21:45:27.527000+00:00,149.087,149.135,
Tick,2024-10-13 21:45:27.937000+00:00,149.088,149.136,
Tick,2024-10-13 21:45:27.939000+00:00,149.087,149.135,
Tick,2024-10-13 21:45:28+00:00,149.088,149.136,
Tick,2024-10-13 21:45:28.508000+00:00,149.089,149.137,
Tick,2024-10-13 21:45:28.549000+00:00,149.088,149.136,
Tick,2024-10-13 21:45:29.891000+00:00,149.089,149.137,
Tick,2024-10-13 21:45:29.955000+00:00,149.088,149.136,
Tick,2024-10-13 21:45:29.973000+00:00,149.089,149.137,
Tick,2024-10-13 21:45:29.974000+00:00,149.088,149.136,
Tick,2024-10-13 21:45:30.099000+00:00,149.087,149.135,
Tick,2024-10-13 21:45:30.188000+00:00,149.088,149.136,
Tick,2024-10-13 21:45:30.438000+00:00,149.087,149.135,
Tick,2024-10-13 21:45:31.586000+00:00,149.088,149.136,
Tick,2024-10-13 21:45:31.588000+00:00,149.087,149.135,
Tick,2024-10-13 21:45:31.589000+00:00,149.086,149.134,
Tick,2024-10-13 21:45:31.592000+00:00,149.087,149.135,
Tick,2024-10-13 21:45:31.662000+00:00,149.086,,
Tick,2024-10-13 21:45:31.662000+00:00,,149.134,
Tick,2024-10-13 21:45:31.666000+00:00,149.087,149.135,
Tick,2024-10-13 21:45:31.671000+00:00,149.086,149.134,
Tick,2024-10-13 21:45:31.672000+00:00,,149.135,
Tick,2024-10-13 21:45:31.678000+00:00,,149.134,
Tick,2024-10-13 21:45:31.764000+00:00,,149.135,
Tick,2024-10-13 21:45:32.086000+00:00,149.087,,
Tick,2024-10-13 21:45:32.154000+00:00,149.088,149.136,
Tick,2024-10-13 21:45:32.162000+00:00,149.087,,
Tick,2024-10-13 21:45:32.168000+00:00,149.088,,
Tick,2024-10-13 21:45:32.582000+00:00,149.087,,
Tick,2024-10-13 21:45:32.592000+00:00,149.088,,
Tick,2024-10-13 21:45:32.605000+00:00,149.087,,
Tick,2024-10-13 21:45:32.663000+00:00,149.086,149.135,
Tick,2024-10-13 21:45:32.670000+00:00,149.087,,
Tick,2024-10-13 21:45:32.692000+00:00,149.086,149.134,
Tick,2024-10-13 21:45:32.706000+00:00,,149.135,
Tick,2024-10-13 21:45:32.770000+00:00,149.087,,
Tick,2024-10-13 21:45:41.729000+00:00,149.088,149.136,
Tick,2024-10-13 21:45:41.752000+00:00,149.09,149.138,
Tick,2024-10-13 21:45:41.837000+00:00,149.089,149.137,
Tick,2024-10-13 21:45:42.681000+00:00,149.088,149.136,
Tick,2024-10-13 21:45:54.987000+00:00,149.089,149.137,
Tick,2024-10-13 21:46:08.984000+00:00,149.09,149.138,
Tick,2024-10-13 21:46:14.629000+00:00,149.091,149.139,
Tick,2024-10-13 21:46:14.682000+00:00,149.09,149.138,
Tick,2024-10-13 21:46:14.732000+00:00,149.089,149.137,
Tick,2024-10-13 21:46:15.495000+00:00,149.088,149.136,
Tick,2024-10-13 21:46:32.923000+00:00,149.087,149.135,
Tick,2024-10-13 21:46:32.929000+00:00,149.089,149.136,
Tick,2024-10-13 21:46:32.933000+00:00,149.087,149.135,
Tick,2024-10-13 21:46:32.946000+00:00,149.089,149.137,
Tick,2024-10-13 21:46:32.953000+00:00,149.091,149.139,
Tick,2024-10-13 21:46:33.046000+00:00,149.089,149.137,
Tick,2024-10-13 21:46:33.097000+00:00,149.09,149.138,
Tick,2024-10-13 21:46:33.646000+00:00,149.089,149.137,
Tick,2024-10-13 21:46:36.024000+00:00,149.088,149.136,
Tick,2024-10-13 21:46:42.593000+00:00,149.09,149.138,
Tick,2024-10-13 21:46:42.643000+00:00,149.089,149.137,
Tick,2024-10-13 21:46:42.694000+00:00,149.088,149.136,
Tick,2024-10-13 21:46:42.746000+00:00,149.089,149.137,
Tick,2024-10-13 21:46:42.838000+00:00,149.09,149.138,
Tick,2024-10-13 21:46:43.177000+00:00,149.089,149.137,
Tick,2024-10-13 21:46:43.237000+00:00,149.088,149.136,
Tick,2024-10-13 21:46:47.331000+00:00,149.089,149.137,
Tick,2024-10-13 21:46:47.382000+00:00,149.088,149.136,
Tick,2024-10-13 21:46:52.814000+00:00,149.089,,
Tick,2024-10-13 21:46:52.914000+00:00,149.093,149.142,
Tick,2024-10-13 21:46:52.917000+00:00,149.094,149.143,
Tick,2024-10-13 21:46:52.922000+00:00,149.096,149.145,
Tick,2024-10-13 21:46:52.922000+00:00,149.095,149.144,
Tick,2024-10-13 21:46:52.930000+00:00,149.096,149.145,
Tick,2024-10-13 21:46:52.934000+00:00,149.094,149.143,
Tick,2024-10-13 21:46:52.935000+00:00,149.09,149.139,
Tick,2024-10-13 21:46:52.953000+00:00,149.095,149.144,
Tick,2024-10-13 21:46:52.953000+00:00,149.094,149.143,
Tick,2024-10-13 21:46:52.963000+00:00,149.095,149.144,
Tick,2024-10-13 21:46:52.964000+00:00,149.094,149.143,
Tick,2024-10-13 21:46:52.975000+00:00,149.09,149.138,
Tick,2024-10-13 21:46:52.990000+00:00,149.089,149.137,
Tick,2024-10-13 21:46:53.046000+00:00,149.09,149.138,
Tick,2024-10-13 21:46:53.144000+00:00,149.088,149.136,
Tick,2024-10-13 21:46:53.213000+00:00,149.089,149.137,
Tick,2024-10-13 21:46:53.408000+00:00,149.09,149.138,
Tick,2024-10-13 21:46:54.027000+00:00,149.089,149.137,
Tick,2024-10-13 21:46:54.078000+00:00,149.088,149.136,
Tick,2024-10-13 21:46:54.254000+00:00,149.09,149.137,
Tick,2024-10-13 21:46:54.263000+00:00,149.091,149.139,
Tick,2024-10-13 21:46:54.279000+00:00,149.09,149.138,
Tick,2024-10-13 21:46:54.283000+00:00,,149.139,
Tick,2024-10-13 21:46:54.288000+00:00,,149.138,
Tick,2024-10-13 21:46:54.293000+00:00,149.092,149.14,
Tick,2024-10-13 21:46:54.936000+00:00,149.091,,
Tick,2024-10-13 21:46:56.375000+00:00,149.092,,
Tick,2024-10-13 21:47:00.332000+00:00,149.092,,
Tick,2024-10-13 21:47:00.347000+00:00,149.093,149.141,
Tick,2024-10-13 21:47:00.358000+00:00,149.092,149.14,
Tick,2024-10-13 21:47:00.402000+00:00,149.091,149.139,
Tick,2024-10-13 21:47:00.996000+00:00,149.09,149.138,
Tick,2024-10-13 21:47:01.019000+00:00,149.091,149.139,
Tick,2024-10-13 21:47:01.042000+00:00,149.09,149.138,
Tick,2024-10-13 21:47:01.043000+00:00,149.091,149.139,
Tick,2024-10-13 21:47:01.057000+00:00,149.09,149.138,
Tick,2024-10-13 21:47:01.105000+00:00,149.091,149.139,
Tick,2024-10-13 21:47:01.487000+00:00,149.09,149.138,
Tick,2024-10-13 21:47:07.900000+00:00,149.092,149.14,
Tick,2024-10-13 21:47:07.904000+00:00,149.091,149.139,
Tick,2024-10-13 21:47:07.918000+00:00,149.092,149.14,
Tick,2024-10-13 21:47:07.972000+00:00,149.094,149.142,
Tick,2024-10-13 21:47:07.979000+00:00,149.092,149.141,
Tick,2024-10-13 21:47:12.293000+00:00,149.094,149.142,
Tick,2024-10-13 21:47:12.294000+00:00,149.097,149.146,
Tick,2024-10-13 21:47:12.297000+00:00,149.096,149.145,
Tick,2024-10-13 21:47:12.347000+00:00,149.1,149.149,
Tick,2024-10-13 21:47:12.380000+00:00,149.101,,
Tick,2024-10-13 21:47:12.868000+00:00,149.102,,
Tick,2024-10-13 21:47:18.584000+00:00,149.103,,
Tick,2024-10-13 21:47:20.586000+00:00,149.104,149.15,
Tick,2024-10-13 21:47:21.286000+00:00,149.103,149.149,
Tick,2024-10-13 21:47:23.787000+00:00,149.104,149.15,
Tick,2024-10-13 21:47:24.507000+00:00,149.105,149.151,
Tick,2024-10-13 21:47:24.507000+00:00,149.106,149.152,
Tick,2024-10-13 21:47:24.523000+00:00,149.107,149.153,
Tick,2024-10-13 21:47:24.563000+00:00,149.108,149.154,
Tick,2024-10-13 21:47:31.888000+00:00,149.109,149.155,
Tick,2024-10-13 21:47:31.908000+00:00,149.11,149.156,
Tick,2024-10-13 21:47:31.940000+00:00,149.113,149.159,
Tick,2024-10-13 21:47:32.011000+00:00,149.114,149.16,
Tick,2024-10-13 21:47:32.040000+00:00,149.112,149.158,
Tick,2024-10-13 21:47:32.393000+00:00,149.113,149.159,
Tick,2024-10-13 21:47:32.481000+00:00,149.112,149.158,
Tick,2024-10-13 21:47:32.493000+00:00,,149.159,
Tick,2024-10-13 21:47:32.694000+00:00,149.113,,
Tick,2024-10-13 21:47:38.285000+00:00,149.116,149.162,
Tick,2024-10-13 21:47:44.105000+00:00,149.113,149.16,
Tick,2024-10-13 21:47:49.955000+00:00,149.116,149.163,
Tick,2024-10-13 21:47:51.347000+00:00,149.115,149.162,
Tick,2024-10-13 21:47:51.932000+00:00,149.116,149.163,
Tick,2024-10-13 21:47:58.406000+00:00,149.118,149.165,
Tick,2024-10-13 21:48:01.742000+00:00,149.118,,
Tick,2024-10-13 21:48:03.345000+00:00,149.12,149.167,
Tick,2024-10-13 21:48:06.792000+00:00,149.122,149.169,
Tick,2024-10-13 21:48:06.817000+00:00,149.12,,
Tick,2024-10-13 21:48:06.839000+00:00,149.121,149.17,
Tick,2024-10-13 21:48:06.890000+00:00,149.123,149.172,
Tick,2024-10-13 21:48:08.044000+00:00,149.122,149.171,
Tick,2024-10-13 21:48:09.496000+00:00,149.124,149.173,
Tick,2024-10-13 21:48:20.896000+00:00,149.125,149.174,
Tick,2024-10-13 21:48:30.685000+00:00,149.124,149.172,
Tick,2024-10-13 21:48:30.795000+00:00,149.122,149.171,
Tick,2024-10-13 21:48:30.795000+00:00,149.121,149.17,
Tick,2024-10-13 21:48:30.868000+00:00,149.12,149.169,
Tick,2024-10-13 21:48:30.873000+00:00,149.121,149.17,
Tick,2024-10-13 21:48:30.874000+00:00,149.12,149.169,
Tick,2024-10-13 21:48:30.986000+00:00,149.118,149.167,
Tick,2024-10-13 21:48:32.133000+00:00,149.117,149.166,
Tick,2024-10-13 21:48:36.413000+00:00,149.122,149.169,
Tick,2024-10-13 21:48:36.937000+00:00,,149.171,
Tick,2024-10-13 21:48:52.764000+00:00,149.125,149.174,
Tick,2024-10-13 21:48:52.764000+00:00,149.124,149.173,
Tick,2024-10-13 21:49:01.095000+00:00,149.126,149.174,
Tick,2024-10-13 21:49:08.842000+00:00,,149.175,
Tick,2024-10-13 21:49:08.847000+00:00,149.124,149.173,
Tick,2024-10-13 21:49:08.847000+00:00,149.123,149.172,
Tick,2024-10-13 21:49:08.862000+00:00,149.122,,
Tick,2024-10-13 21:49:08.922000+00:00,149.123,,
Tick,2024-10-13 21:49:08.924000+00:00,149.118,149.168,
Tick,2024-10-13 21:49:08.927000+00:00,149.119,,
Tick,2024-10-13 21:49:29.295000+00:00,149.121,149.17,
Tick,2024-10-13 21:49:40.423000+00:00,149.12,149.169,
Tick,2024-10-13 21:49:40.423000+00:00,149.121,149.17,
Tick,2024-10-13 21:49:40.492000+00:00,149.12,149.169,
Tick,2024-10-13 21:49:40.519000+00:00,149.121,149.17,
Tick,2024-10-13 21:50:02.192000+00:00,149.122,149.171,
Tick,2024-10-13 21:50:03.910000+00:00,149.123,149.172,
Tick,2024-10-13 21:50:17.986000+00:00,149.125,149.174,
Tick,2024-10-13 21:50:20.312000+00:00,149.126,149.175,
Tick,2024-10-13 21:50:20.568000+00:00,149.125,149.174,
Tick,2024-10-13 21:50:21.808000+00:00,,149.173,
Tick,2024-10-13 21:50:25.700000+00:00,,149.174,
Tick,2024-10-13 21:50:36.799000+00:00,149.126,149.175,
Tick,2024-10-13 21:50:44.126000+00:00,149.127,,
Tick,2024-10-13 21:51:06.839000+00:00,149.127,,
Tick,2024-10-13 21:51:10.741000+00:00,149.125,149.174,
Tick,2024-10-13 21:51:12.497000+00:00,149.127,149.176,
Tick,2024-10-13 21:51:12.582000+00:00,149.129,149.178,
Tick,2024-10-13 21:51:22.397000+00:00,149.13,149.179,
Tick,2024-10-13 21:51:37.141000+00:00,149.132,149.18,
Tick,2024-10-13 21:51:37.149000+00:00,149.13,149.178,
Tick,2024-10-13 21:51:37.159000+00:00,149.131,149.179,
Tick,2024-10-13 21:51:37.198000+00:00,,149.178,
Tick,2024-10-13 21:51:37.209000+00:00,,149.179,
Tick,2024-10-13 21:51:37.250000+00:00,149.132,149.18,
Tick,2024-10-13 21:51:40.398000+00:00,,149.181,
Tick,2024-10-13 21:51:41.846000+00:00,149.133,,
Tick,2024-10-13 21:51:43.400000+00:00,149.132,,
Tick,2024-10-13 21:51:43.930000+00:00,149.133,,
Tick,2024-10-13 21:51:45.952000+00:00,149.132,,
Tick,2024-10-13 21:51:47.058000+00:00,149.133,,
Tick,2024-10-13 21:51:47.816000+00:00,149.132,149.18,
Tick,2024-10-13 21:51:49.697000+00:00,149.133,149.181,
Tick,2024-10-13 21:51:57.566000+00:00,149.132,149.18,
Tick,2024-10-13 21:51:57.645000+00:00,149.133,149.181,
Tick,2024-10-13 21:52:00.786000+00:00,149.132,149.18,
Tick,2024-10-13 21:52:01.745000+00:00,149.133,149.181,
Tick,2024-10-13 21:52:02.476000+00:00,,149.182,
Tick,2024-10-13 21:52:03.931000+00:00,,149.181,
Tick,2024-10-13 21:52:04.354000+00:00,149.134,149.182,
Tick,2024-10-13 21:52:22.413000+00:00,149.133,149.181,
Tick,2024-10-13 21:52:22.497000+00:00,149.134,149.182,
Tick,2024-10-13 21:52:24.197000+00:00,149.133,,
Tick,2024-10-13 21:52:25.698000+00:00,,149.181,
Tick,2024-10-13 21:52:33.263000+00:00,149.132,149.18,
Tick,2024-10-13 21:52:33.270000+00:00,149.133,149.182,
Tick,2024-10-13 21:52:33.281000+00:00,149.132,149.181,
Tick,2024-10-13 21:52:33.297000+00:00,,149.18,
Tick,2024-10-13 21:52:33.325000+00:00,149.133,149.181,
Tick,2024-10-13 21:52:33.331000+00:00,149.131,149.179,
Tick,2024-10-13 21:52:33.375000+00:00,149.132,149.18,
Tick,2024-10-13 21:52:33.864000+00:00,149.133,149.181,
Tick,2024-10-13 21:52:35.966000+00:00,149.134,149.182,
Tick,2024-10-13 21:52:39.865000+00:00,,149.183,
Tick,2024-10-13 21:52:39.875000+00:00,149.135,149.184,
Tick,2024-10-13 21:52:45.530000+00:00,149.134,149.183,
Tick,2024-10-13 21:52:45.534000+00:00,149.132,149.181,
Tick,2024-10-13 21:52:45.601000+00:00,149.13,149.179,
Tick,2024-10-13 21:52:45.605000+00:00,149.129,149.178,
Tick,2024-10-13 21:52:45.645000+00:00,149.128,149.177,
Tick,2024-10-13 21:52:45.792000+00:00,,149.176,
Tick,2024-10-13 21:52:46.098000+00:00,149.127,149.175,
Tick,2024-10-13 21:52:46.629000+00:00,149.128,149.176,
Tick,2024-10-13 21:52:56.582000+00:00,149.127,149.175,
Tick,2024-10-13 21:53:01.308000+00:00,149.128,149.176,
Tick,2024-10-13 21:53:05.747000+00:00,149.127,149.175,
Tick,2024-10-13 21:53:19.429000+00:00,149.126,149.174,
Tick,2024-10-13 21:53:19.437000+00:00,149.124,149.172,
Tick,2024-10-13 21:53:20.946000+00:00,,149.171,
Tick,2024-10-13 21:53:39.757000+00:00,149.123,149.169,
Tick,2024-10-13 21:53:39.856000+00:00,149.124,149.17,
Tick,2024-10-13 21:53:40.106000+00:00,149.125,149.171,
Tick,2024-10-13 21:54:25.096000+00:00,149.127,149.173,
Tick,2024-10-13 21:54:25.178000+00:00,149.128,149.174,
Tick,2024-10-13 21:54:44.091000+00:00,149.127,149.173,
Tick,2024-10-13 21:55:10.080000+00:00,149.128,149.174,
Tick,2024-10-13 21:55:10.104000+00:00,149.129,149.175,
Tick,2024-10-13 21:55:24.496000+00:00,149.13,149.176,
Tick,2024-10-13 21:55:29.947000+00:00,149.129,149.175,
Tick,2024-10-13 21:55:39.825000+00:00,149.128,149.174,
Tick,2024-10-13 21:55:49.771000+00:00,149.129,149.175,
Tick,2024-10-13 21:55:58.096000+00:00,149.13,149.176,
Tick,2024-10-13 21:56:12.223000+00:00,149.13,,
Tick,2024-10-13 21:56:32.660000+00:00,149.128,149.174,
Tick,2024-10-13 21:57:03.181000+00:00,149.128,,
Tick,2024-10-13 21:57:13.087000+00:00,,149.172,
Tick,2024-10-13 21:57:23.295000+00:00,149.127,149.171,
Tick,2024-10-13 21:57:23.298000+00:00,149.128,149.173,
Tick,2024-10-13 21:57:23.379000+00:00,,149.174,
Tick,2024-10-13 21:57:29.097000+00:00,,149.173,
Tick,2024-10-13 21:57:43.707000+00:00,149.127,149.172,
Tick,2024-10-13 21:57:53.112000+00:00,149.126,149.171,
Tick,2024-10-13 21:58:04.119000+00:00,149.124,149.169,
Tick,2024-10-13 21:58:14.326000+00:00,149.126,149.171,
Tick,2024-10-13 21:58:23.231000+00:00,149.123,149.168,
Tick,2024-10-13 21:58:24.632000+00:00,149.122,149.167,
Tick,2024-10-13 21:58:34.839000+00:00,149.121,149.166,
Tick,2024-10-13 21:58:45.045000+00:00,149.12,149.165,
Tick,2024-10-13 21:59:04.258000+00:00,149.12,149.161,
Tick,2024-10-13 21:59:13.745000+00:00,149.119,149.162,
Tick,2024-10-13 21:59:13.836000+00:00,149.118,149.163,
Tick,2024-10-13 21:59:15.465000+00:00,149.117,149.162,
Tick,2024-10-13 21:59:19.167000+00:00,149.118,149.163,
Tick,2024-10-13 21:59:25.671000+00:00,149.117,149.162,
Tick,2024-10-13 21:59:35.878000+00:00,149.116,149.161,
Tick,2024-10-13 21:59:50.287000+00:00,149.117,149.162,
Tick,2024-10-13 21:59:56.291000+00:00,149.115,149.16,
Tick,2024-10-13 21:59:57.892000+00:00,149.116,149.161,
Tick,2024-10-13 21:59:59.693000+00:00,149.115,149.16,
Tick,2024-10-13 22:00:00.010000+00:00,149.12,149.164,
Tick,2024-10-13 22:00:00.024000+00:00,149.115,149.16,
Tick,2024-10-13 22:00:00.027000+00:00,149.121,149.165,
Tick,2024-10-13 22:00:00.040000+00:00,149.116,149.161,
Tick,2024-10-13 22:00:00.095000+00:00,149.123,149.168,
Tick,2024-10-13 22:00:00.194000+00:00,149.117,149.16,
Tick,2024-10-13 22:00:00.664000+00:00,149.119,149.161,
Tick,2024-10-13 22:00:00.895000+00:00,149.127,149.171,
Tick,2024-10-13 22:00:01.039000+00:00,149.13,149.174,
Tick,2024-10-13 22:00:04.316000+00:00,149.138,149.182,
Tick,2024-10-13 22:00:04.327000+00:00,149.132,149.176,
Tick,2024-10-13 22:00:04.598000+00:00,149.131,149.175,
Tick,2024-10-13 22:00:05.095000+00:00,149.128,149.173,
Tick,2024-10-13 22:00:05.288000+00:00,,149.172,
Tick,2024-10-13 22:00:05.558000+00:00,149.127,,
Tick,2024-10-13 22:00:05.586000+00:00,149.128,149.173,
Tick,2024-10-13 22:00:05.893000+00:00,149.129,149.174,
Tick,2024-10-13 22:00:06.801000+00:00,149.13,,
Tick,2024-10-13 22:00:07.628000+00:00,149.131,149.175,
Tick,2024-10-13 22:00:08.195000+00:00,149.133,149.177,
Tick,2024-10-13 22:00:08.216000+00:00,149.135,149.178,
Tick,2024-10-13 22:00:08.593000+00:00,149.136,149.179,
Tick,2024-10-13 22:00:08.594000+00:00,149.135,149.178,
Tick,2024-10-13 22:00:08.601000+00:00,149.138,149.181,
Tick,2024-10-13 22:00:09.403000+00:00,149.137,149.18,
Tick,2024-10-13 22:00:10.102000+00:00,149.138,149.181,
Tick,2024-10-13 22:00:11.504000+00:00,149.137,149.18,
Tick,2024-10-13 22:00:16.108000+00:00,149.138,149.181,
Tick,2024-10-13 22:00:17.940000+00:00,149.142,149.185,
Tick,2024-10-13 22:00:17.943000+00:00,149.141,149.184,
Tick,2024-10-13 22:00:17.959000+00:00,149.142,149.185,
Tick,2024-10-13 22:00:17.960000+00:00,149.143,149.186,
Tick,2024-10-13 22:00:17.987000+00:00,149.146,149.19,
Tick,2024-10-13 22:00:18.010000+00:00,149.155,149.2,
Tick,2024-10-13 22:00:18.037000+00:00,149.157,149.203,
Tick,2024-10-13 22:00:18.037000+00:00,149.158,149.204,
Tick,2024-10-13 22:00:18.209000+00:00,149.16,149.206,
Tick,2024-10-13 22:00:18.214000+00:00,149.161,149.207,
Tick,2024-10-13 22:00:19.028000+00:00,149.159,149.205,
Tick,2024-10-13 22:00:20.168000+00:00,149.16,149.206,
Tick,2024-10-13 22:00:20.170000+00:00,149.162,149.208,
Tick,2024-10-13 22:00:20.178000+00:00,149.166,149.212,
Tick,2024-10-13 22:00:20.184000+00:00,149.168,149.214,
Tick,2024-10-13 22:00:20.194000+00:00,149.171,149.216,
Tick,2024-10-13 22:00:20.257000+00:00,149.172,149.217,
Tick,2024-10-13 22:00:20.607000+00:00,,149.215,
Tick,2024-10-13 22:00:21.640000+00:00,149.173,149.217,
Tick,2024-10-13 22:00:24.060000+00:00,149.175,149.218,
Tick,2024-10-13 22:00:24.906000+00:00,149.174,,
Tick,2024-10-13 22:00:26.383000+00:00,149.171,149.214,
Tick,2024-10-13 22:00:26.403000+00:00,149.173,149.219,
Tick,2024-10-13 22:00:26.443000+00:00,149.174,149.22,
Tick,2024-10-13 22:00:26.489000+00:00,149.165,149.212,
Tick,2024-10-13 22:00:27.036000+00:00,149.163,149.21,
Tick,2024-10-13 22:00:28.394000+00:00,149.171,149.218,
Tick,2024-10-13 22:00:28.396000+00:00,149.174,149.22,
Tick,2024-10-13 22:00:28.399000+00:00,149.177,149.223,
Tick,2024-10-13 22:00:28.401000+00:00,149.181,149.227,
Tick,2024-10-13 22:00:28.417000+00:00,149.172,149.216,
Tick,2024-10-13 22:00:28.451000+00:00,149.165,149.209,
Tick,2024-10-13 22:00:28.498000+00:00,149.175,149.219,
Tick,2024-10-13 22:00:28.501000+00:00,149.179,149.223,
Tick,2024-10-13 22:00:29.015000+00:00,149.178,149.224,
Tick,2024-10-13 22:00:30.058000+00:00,149.179,149.225,
Tick,2024-10-13 22:00:30.119000+00:00,149.184,149.229,
Tick,2024-10-13 22:00:30.426000+00:00,149.185,149.23,
Tick,2024-10-13 22:00:30.478000+00:00,149.184,149.229,
Tick,2024-10-13 22:00:31.051000+00:00,149.185,149.23,
Tick,2024-10-13 22:00:31.652000+00:00,149.186,149.231,
Tick,2024-10-13 22:00:31.885000+00:00,149.189,149.233,
Tick,2024-10-13 22:00:31.910000+00:00,,149.232,
Tick,2024-10-13 22:00:31.919000+00:00,149.19,149.233,
Tick,2024-10-13 22:00:31.921000+00:00,,149.231,
Tick,2024-10-13 22:00:32.222000+00:00,149.189,149.23,
Tick,2024-10-13 22:00:32.225000+00:00,149.19,149.231,
Tick,2024-10-13 22:00:33.822000+00:00,149.191,149.232,
Tick,2024-10-13 22:00:34.315000+00:00,149.192,149.233,
Tick,2024-10-13 22:00:34.323000+00:00,149.194,149.235,
Tick,2024-10-13 22:00:34.332000+00:00,149.197,149.238,
Tick,2024-10-13 22:00:34.343000+00:00,149.198,149.239,
Tick,2024-10-13 22:00:34.425000+00:00,149.199,149.24,
Tick,2024-10-13 22:00:35.555000+00:00,,149.241,
Tick,2024-10-13 22:00:35.626000+00:00,149.2,149.242,
Tick,2024-10-13 22:00:39.968000+00:00,149.201,149.243,
Tick,2024-10-13 22:00:40.027000+00:00,149.202,,
Tick,2024-10-13 22:00:44.831000+00:00,149.204,149.245,
Tick,2024-10-13 22:00:44.846000+00:00,149.206,149.247,
Tick,2024-10-13 22:00:44.856000+00:00,149.207,149.248,
Tick,2024-10-13 22:00:44.932000+00:00,149.209,149.25,
Tick,2024-10-13 22:00:45.561000+00:00,,149.249,
Tick,2024-10-13 22:00:45.725000+00:00,149.21,149.25,
Tick,2024-10-13 22:00:46.914000+00:00,149.212,149.252,
Tick,2024-10-13 22:00:46.929000+00:00,149.211,149.251,
Tick,2024-10-13 22:00:46.934000+00:00,149.213,149.253,
Tick,2024-10-13 22:00:46.957000+00:00,149.212,149.252,
Tick,2024-10-13 22:00:46.967000+00:00,149.211,149.251,
Tick,2024-10-13 22:00:48.530000+00:00,149.21,149.25,
Tick,2024-10-13 22:00:48.592000+00:00,149.209,149.249,
Tick,2024-10-13 22:00:48.823000+00:00,,149.25,
Tick,2024-10-13 22:00:48.828000+00:00,149.208,149.249,
Tick,2024-10-13 22:00:48.835000+00:00,149.207,149.248,
Tick,2024-10-13 22:00:48.895000+00:00,149.206,149.247,
Tick,2024-10-13 22:00:49.296000+00:00,149.205,149.246,
Tick,2024-10-13 22:00:49.336000+00:00,149.204,149.245,
Tick,2024-10-13 22:00:50.158000+00:00,149.203,149.244,
Tick,2024-10-13 22:00:50.909000+00:00,149.204,149.245,
Tick,2024-10-13 22:00:52.738000+00:00,149.205,149.246,
Tick,2024-10-13 22:00:56.845000+00:00,149.206,149.247,
Tick,2024-10-13 22:00:58.895000+00:00,149.201,149.242,
Tick,2024-10-13 22:00:58.927000+00:00,149.197,149.238,
Tick,2024-10-13 22:00:58.947000+00:00,149.192,149.232,
Tick,2024-10-13 22:01:00.075000+00:00,149.192,,
Tick,2024-10-13 22:01:00.098000+00:00,149.191,149.231,
Tick,2024-10-13 22:01:00.118000+00:00,149.192,149.232,
Tick,2024-10-13 22:01:00.149000+00:00,149.19,149.23,
Tick,2024-10-13 22:01:00.169000+00:00,149.188,149.228,
Tick,2024-10-13 22:01:00.587000+00:00,149.187,149.227,
Tick,2024-10-13 22:01:00.781000+00:00,149.186,149.226,
Tick,2024-10-13 22:01:00.789000+00:00,149.187,149.227,
Tick,2024-10-13 22:01:00.794000+00:00,149.186,149.226,
Tick,2024-10-13 22:01:00.796000+00:00,149.185,149.225,
Tick,2024-10-13 22:01:00.816000+00:00,149.184,149.224,
Tick,2024-10-13 22:01:00.849000+00:00,149.183,149.223,
Tick,2024-10-13 22:01:00.867000+00:00,149.181,149.221,
Tick,2024-10-13 22:01:01.431000+00:00,149.182,149.222,
Tick,2024-10-13 22:01:02.219000+00:00,149.183,149.223,
Tick,2024-10-13 22:01:03.151000+00:00,149.184,149.224,
Tick,2024-10-13 22:01:03.351000+00:00,149.185,149.225,
Tick,2024-10-13 22:01:03.373000+00:00,149.184,149.224,
Tick,2024-10-13 22:01:03.393000+00:00,149.185,149.225,
Tick,2024-10-13 22:01:03.438000+00:00,149.184,149.224,
Tick,2024-10-13 22:01:03.501000+00:00,149.185,149.225,
Tick,2024-10-13 22:01:04.176000+00:00,149.186,149.226,
Tick,2024-10-13 22:01:04.199000+00:00,149.184,149.224,
Tick,2024-10-13 22:01:04.208000+00:00,149.185,149.225,
Tick,2024-10-13 22:01:04.209000+00:00,149.186,149.226,
Tick,2024-10-13 22:01:04.222000+00:00,149.189,149.229,
Tick,2024-10-13 22:01:04.225000+00:00,149.188,149.228,
Tick,2024-10-13 22:01:04.227000+00:00,149.189,149.229,
Tick,2024-10-13 22:01:04.227000+00:00,149.188,149.228,
Tick,2024-10-13 22:01:04.228000+00:00,149.189,149.229,
Tick,2024-10-13 22:01:04.229000+00:00,149.188,149.228,
Tick,2024-10-13 22:01:04.252000+00:00,149.191,149.231,
Tick,2024-10-13 22:01:04.274000+00:00,,149.232,
Tick,2024-10-13 22:01:04.406000+00:00,149.192,,
Tick,2024-10-13 22:01:04.481000+00:00,,149.233,
Tick,2024-10-13 22:01:05.373000+00:00,,149.232,
Tick,2024-10-13 22:01:06.870000+00:00,149.193,149.233,
Tick,2024-10-13 22:01:06.871000+00:00,149.194,149.234,
Tick,2024-10-13 22:01:06.873000+00:00,149.193,149.233,
Tick,2024-10-13 22:01:06.873000+00:00,149.194,149.234,
Tick,2024-10-13 22:01:06.877000+00:00,149.193,149.233,
Tick,2024-10-13 22:01:06.917000+00:00,149.194,149.234,
Tick,2024-10-13 22:01:07.132000+00:00,149.195,149.235,
Tick,2024-10-13 22:01:07.135000+00:00,149.196,149.236,
Tick,2024-10-13 22:01:07.148000+00:00,149.197,149.237,
Tick,2024-10-13 22:01:07.155000+00:00,149.198,149.238,
Tick,2024-10-13 22:01:07.162000+00:00,149.199,149.239,
Tick,2024-10-13 22:01:07.172000+00:00,149.202,149.242,
Tick,2024-10-13 22:01:07.182000+00:00,149.203,149.243,
Tick,2024-10-13 22:01:07.223000+00:00,149.21,149.25,
Tick,2024-10-13 22:01:07.256000+00:00,149.212,149.252,
Tick,2024-10-13 22:01:07.322000+00:00,149.217,149.245,
Tick,2024-10-13 22:01:07.355000+00:00,149.218,149.242,
Tick,2024-10-13 22:01:08.038000+00:00,149.22,,
Tick,2024-10-13 22:01:08.042000+00:00,149.222,,
Tick,2024-10-13 22:01:08.060000+00:00,149.221,149.243,
Tick,2024-10-13 22:01:08.126000+00:00,149.224,149.244,
Tick,2024-10-13 22:01:09.376000+00:00,149.226,,
Tick,2024-10-13 22:01:10.124000+00:00,149.225,149.245,
Tick,2024-10-13 22:01:10.152000+00:00,,149.247,
Tick,2024-10-13 22:01:10.236000+00:00,149.226,149.248,
Tick,2024-10-13 22:01:10.336000+00:00,,149.249,
Tick,2024-10-13 22:01:10.338000+00:00,,149.248,
Tick,2024-10-13 22:01:10.361000+00:00,149.228,149.246,
Tick,2024-10-13 22:01:10.403000+00:00,149.231,149.252,
Tick,2024-10-13 22:01:10.435000+00:00,,149.254,
Tick,2024-10-13 22:01:10.439000+00:00,149.237,149.26,
Tick,2024-10-13 22:01:10.659000+00:00,149.236,149.261,
Tick,2024-10-13 22:01:10.739000+00:00,149.237,,
Tick,2024-10-13 22:01:12.135000+00:00,149.239,,
Tick,2024-10-13 22:01:12.159000+00:00,149.241,149.268,
Tick,2024-10-13 22:01:12.169000+00:00,149.242,149.269,
Tick,2024-10-13 22:01:12.207000+00:00,149.24,149.272,
Tick,2024-10-13 22:01:12.259000+00:00,,149.271,
Tick,2024-10-13 22:01:12.324000+00:00,149.243,,
Tick,2024-10-13 22:01:12.333000+00:00,,149.27,
Tick,2024-10-13 22:01:12.359000+00:00,149.245,149.271,
Tick,2024-10-13 22:01:12.396000+00:00,149.246,149.272,
Tick,2024-10-13 22:01:12.449000+00:00,149.247,149.271,
Tick,2024-10-13 22:01:12.550000+00:00,149.246,,
Tick,2024-10-13 22:01:12.609000+00:00,,149.272,
Tick,2024-10-13 22:01:12.611000+00:00,149.247,149.274,
Tick,2024-10-13 22:01:12.617000+00:00,149.248,,
Tick,2024-10-13 22:01:12.631000+00:00,149.247,,
Tick,2024-10-13 22:01:12.631000+00:00,149.248,149.275,
Tick,2024-10-13 22:01:12.637000+00:00,,149.272,
Tick,2024-10-13 22:01:12.644000+00:00,149.246,149.271,
Tick,2024-10-13 22:01:12.650000+00:00,149.247,149.272,
Tick,2024-10-13 22:01:12.677000+00:00,149.246,,
Tick,2024-10-13 22:01:12.681000+00:00,149.243,,
Tick,2024-10-13 22:01:12.710000+00:00,149.242,,
Tick,2024-10-13 22:01:12.732000+00:00,149.243,,
Tick,2024-10-13 22:01:12.750000+00:00,149.241,149.271,
Tick,2024-10-13 22:01:13.460000+00:00,,149.272,
Tick,2024-10-13 22:01:14.787000+00:00,,149.27,
Tick,2024-10-13 22:01:14.789000+00:00,149.24,149.271,
Tick,2024-10-13 22:01:14.830000+00:00,149.242,149.27,
Tick,2024-10-13 22:01:14.862000+00:00,,149.269,
Tick,2024-10-13 22:01:14.865000+00:00,149.243,,
Tick,2024-10-13 22:01:16.849000+00:00,,149.268,
Tick,2024-10-13 22:01:16.862000+00:00,149.241,,
Tick,2024-10-13 22:01:16.896000+00:00,149.24,149.27,
Tick,2024-10-13 22:01:16.950000+00:00,,149.271,
Tick,2024-10-13 22:01:17.163000+00:00,149.241,,
Tick,2024-10-13 22:01:17.998000+00:00,149.242,149.27,
Tick,2024-10-13 22:01:18.002000+00:00,149.24,149.267,
Tick,2024-10-13 22:01:18.064000+00:00,149.241,149.265,
Tick,2024-10-13 22:01:18.068000+00:00,149.239,149.266,
Tick,2024-10-13 22:01:18.593000+00:00,,149.265,
Tick,2024-10-13 22:01:18.693000+00:00,149.24,,
Tick,2024-10-13 22:01:20.457000+00:00,149.241,149.264,
Tick,2024-10-13 22:01:20.467000+00:00,149.239,149.265,
Tick,2024-10-13 22:01:20.500000+00:00,149.236,,
Tick,2024-10-13 22:01:20.509000+00:00,149.234,149.264,
Tick,2024-10-13 22:01:20.566000+00:00,149.233,149.262,
Tick,2024-10-13 22:01:20.601000+00:00,149.232,149.261,
Tick,2024-10-13 22:01:20.680000+00:00,149.234,149.26,
Tick,2024-10-13 22:01:20.701000+00:00,149.232,149.258,
Tick,2024-10-13 22:01:20.749000+00:00,149.234,149.26,
Tick,2024-10-13 22:01:20.766000+00:00,149.233,149.258,
Tick,2024-10-13 22:01:20.800000+00:00,149.231,149.256,
Tick,2024-10-13 22:01:20.966000+00:00,149.232,,
Tick,2024-10-13 22:01:23.209000+00:00,,149.257,
Tick,2024-10-13 22:01:26.027000+00:00,149.231,149.256,
Tick,2024-10-13 22:01:26.056000+00:00,149.228,149.255,
Tick,2024-10-13 22:01:26.070000+00:00,149.226,149.257,
Tick,2024-10-13 22:01:26.083000+00:00,,149.256,
Tick,2024-10-13 22:01:26.271000+00:00,,149.254,
Tick,2024-10-13 22:01:26.623000+00:00,149.227,149.252,
Tick,2024-10-13 22:01:26.646000+00:00,149.226,149.25,
Tick,2024-10-13 22:01:26.671000+00:00,149.224,149.248,
Tick,2024-10-13 22:01:26.682000+00:00,149.222,149.247,
Tick,2024-10-13 22:01:26.762000+00:00,149.221,149.245,
Tick,2024-10-13 22:01:26.770000+00:00,149.222,149.244,
Tick,2024-10-13 22:01:26.863000+00:00,149.221,149.245,
Tick,2024-10-13 22:01:26.871000+00:00,149.22,149.248,
Tick,2024-10-13 22:01:26.873000+00:00,,149.249,
Tick,2024-10-13 22:01:26.873000+00:00,149.221,,
Tick,2024-10-13 22:01:26.881000+00:00,149.22,,
Tick,2024-10-13 22:01:26.882000+00:00,,149.252,
Tick,2024-10-13 22:01:26.886000+00:00,149.223,149.255,
Tick,2024-10-13 22:01:26.890000+00:00,149.224,,
Tick,2024-10-13 22:01:26.970000+00:00,,149.253,
Tick,2024-10-13 22:01:27.270000+00:00,149.225,,
Tick,2024-10-13 22:01:27.372000+00:00,,149.254,
Tick,2024-10-13 22:01:27.971000+00:00,,149.253,
Tick,2024-10-13 22:01:30.057000+00:00,,149.249,
Tick,2024-10-13 22:01:30.058000+00:00,,149.251,
Tick,2024-10-13 22:01:30.073000+00:00,149.223,,
Tick,2024-10-13 22:01:30.076000+00:00,149.222,,
Tick,2024-10-13 22:01:30.096000+00:00,,149.252,
Tick,2024-10-13 22:01:30.097000+00:00,149.223,149.253,
Tick,2024-10-13 22:01:30.176000+00:00,149.224,,
Tick,2024-10-13 22:01:30.300000+00:00,149.223,,
Tick,2024-10-13 22:01:31.163000+00:00,149.224,,
Tick,2024-10-13 22:01:31.173000+00:00,149.222,149.251,
Tick,2024-10-13 22:01:31.180000+00:00,149.221,149.25,
Tick,2024-10-13 22:01:31.220000+00:00,149.219,149.247,
Tick,2024-10-13 22:01:31.227000+00:00,149.217,149.249,
Tick,2024-10-13 22:01:31.271000+00:00,149.216,149.248,
Tick,2024-10-13 22:01:31.274000+00:00,149.214,149.244,
Tick,2024-10-13 22:01:31.284000+00:00,149.213,,
Tick,2024-10-13 22:01:34.202000+00:00,149.215,149.245,
Tick,2024-10-13 22:01:34.204000+00:00,,149.244,
Tick,2024-10-13 22:01:34.207000+00:00,,149.245,
Tick,2024-10-13 22:01:34.210000+00:00,149.216,149.242,
Tick,2024-10-13 22:01:34.211000+00:00,149.215,149.245,
Tick,2024-10-13 22:01:34.251000+00:00,149.216,,
Tick,2024-10-13 22:01:34.396000+00:00,149.217,149.244,
Tick,2024-10-13 22:01:34.403000+00:00,149.215,149.243,
Tick,2024-10-13 22:01:34.407000+00:00,149.214,149.245,
Tick,2024-10-13 22:01:34.423000+00:00,149.215,149.246,
Tick,2024-10-13 22:01:39.360000+00:00,,149.247,
Tick,2024-10-13 22:01:40.045000+00:00,149.216,149.248,
Tick,2024-10-13 22:01:40.773000+00:00,,149.247,
Tick,2024-10-13 22:01:40.773000+00:00,149.217,,
Tick,2024-10-13 22:01:40.815000+00:00,149.216,149.246,
Tick,2024-10-13 22:01:41.904000+00:00,149.219,149.247,
Tick,2024-10-13 22:01:41.925000+00:00,149.22,,
Tick,2024-10-13 22:01:41.935000+00:00,149.224,149.251,
Tick,2024-10-13 22:01:41.944000+00:00,149.225,149.252,
Tick,2024-10-13 22:01:41.973000+00:00,149.222,,
Tick,2024-10-13 22:01:41.981000+00:00,149.226,149.256,
Tick,2024-10-13 22:01:41.984000+00:00,149.227,149.257,
Tick,2024-10-13 22:01:42.007000+00:00,,149.259,
Tick,2024-10-13 22:01:42.082000+00:00,149.226,149.258,
Tick,2024-10-13 22:01:42.101000+00:00,149.228,149.257,
Tick,2024-10-13 22:01:42.844000+00:00,149.229,,
Tick,2024-10-13 22:01:42.869000+00:00,149.228,,
Tick,2024-10-13 22:01:43.183000+00:00,149.229,,
Tick,2024-10-13 22:01:43.672000+00:00,,149.256,
Tick,2024-10-13 22:01:43.675000+00:00,149.23,149.257,
Tick,2024-10-13 22:01:43.884000+00:00,149.229,149.256,
Tick,2024-10-13 22:01:45.440000+00:00,,149.257,
Tick,2024-10-13 22:01:48.051000+00:00,149.231,149.258,
Tick,2024-10-13 22:01:48.085000+00:00,149.23,,
Tick,2024-10-13 22:01:48.087000+00:00,149.231,,
Tick,2024-10-13 22:01:48.884000+00:00,149.233,149.259,
Tick,2024-10-13 22:01:48.888000+00:00,149.235,149.26,
Tick,2024-10-13 22:01:48.903000+00:00,149.237,149.263,
Tick,2024-10-13 22:01:48.939000+00:00,,149.264,
Tick,2024-10-13 22:01:48.953000+00:00,,149.265,
Tick,2024-10-13 22:01:48.988000+00:00,149.238,149.267,
Tick,2024-10-13 22:01:49.433000+00:00,149.237,149.268,
Tick,2024-10-13 22:01:50.688000+00:00,149.239,149.269,
Tick,2024-10-13 22:01:54.437000+00:00,149.242,,
Tick,2024-10-13 22:01:54.438000+00:00,,149.268,
Tick,2024-10-13 22:01:54.465000+00:00,149.243,149.269,
Tick,2024-10-13 22:01:54.473000+00:00,149.242,149.268,
Tick,2024-10-13 22:01:54.492000+00:00,,149.269,
Tick,2024-10-13 22:01:56.428000+00:00,,149.27,
Tick,2024-10-13 22:01:56.428000+00:00,149.243,149.269,
Tick,2024-10-13 22:01:56.441000+00:00,149.242,149.268,
Tick,2024-10-13 22:01:56.487000+00:00,149.241,149.269,
Tick,2024-10-13 22:01:56.491000+00:00,,149.27,
Tick,2024-10-13 22:01:56.505000+00:00,149.24,,
Tick,2024-10-13 22:01:56.585000+00:00,149.241,,
Tick,2024-10-13 22:01:56.602000+00:00,149.242,149.271,
Tick,2024-10-13 22:01:56.651000+00:00,149.241,149.27,
Tick,2024-10-13 22:01:56.693000+00:00,149.242,,
Tick,2024-10-13 22:01:57.038000+00:00,149.244,149.269,
Tick,2024-10-13 22:01:57.058000+00:00,149.239,149.265,
Tick,2024-10-13 22:01:57.059000+00:00,149.241,,
Tick,2024-10-13 22:01:57.075000+00:00,,149.266,
Tick,2024-10-13 22:01:57.094000+00:00,149.239,149.263,
Tick,2024-10-13 22:01:57.109000+00:00,,149.264,
Tick,2024-10-13 22:01:57.190000+00:00,,149.261,
Tick,2024-10-13 22:01:57.194000+00:00,149.236,149.258,
Tick,2024-10-13 22:01:57.208000+00:00,149.235,149.261,
Tick,2024-10-13 22:01:57.212000+00:00,149.232,149.258,
Tick,2024-10-13 22:01:57.224000+00:00,149.231,,
Tick,2024-10-13 22:01:57.238000+00:00,,149.259,
Tick,2024-10-13 22:01:57.272000+00:00,,149.26,
Tick,2024-10-13 22:01:57.293000+00:00,149.23,,
Tick,2024-10-13 22:01:57.309000+00:00,,149.261,
Tick,2024-10-13 22:01:57.940000+00:00,149.231,149.26,
Tick,2024-10-13 22:01:58.635000+00:00,149.232,,
Tick,2024-10-13 22:01:58.694000+00:00,149.233,,
Tick,2024-10-13 22:01:58.795000+00:00,,149.261,
Tick,2024-10-13 22:02:00.721000+00:00,149.234,149.259,
Tick,2024-10-13 22:02:00.749000+00:00,149.232,149.261,
Tick,2024-10-13 22:02:00.761000+00:00,149.233,,
Tick,2024-10-13 22:02:01.197000+00:00,149.234,,
Tick,2024-10-13 22:02:01.396000+00:00,,149.26,
Tick,2024-10-13 22:02:01.401000+00:00,149.235,149.258,
Tick,2024-10-13 22:02:01.413000+00:00,149.233,149.256,
Tick,2024-10-13 22:02:01.465000+00:00,149.232,149.255,
Tick,2024-10-13 22:02:01.497000+00:00,149.229,149.251,
Tick,2024-10-13 22:02:01.597000+00:00,149.231,149.252,
Tick,2024-10-13 22:02:01.797000+00:00,149.229,149.251,
Tick,2024-10-13 22:02:06.300000+00:00,149.23,149.252,
Tick,2024-10-13 22:02:11.510000+00:00,149.231,,
Tick,2024-10-13 22:02:14.290000+00:00,149.23,149.251,
Tick,2024-10-13 22:02:14.307000+00:00,149.228,149.25,
Tick,2024-10-13 22:02:14.308000+00:00,149.227,149.249,
Tick,2024-10-13 22:02:14.320000+00:00,149.226,149.25,
Tick,2024-10-13 22:02:14.337000+00:00,149.225,149.249,
Tick,2024-10-13 22:02:14.407000+00:00,149.221,149.246,
Tick,2024-10-13 22:02:17.203000+00:00,,149.247,
Tick,2024-10-13 22:02:17.205000+00:00,149.222,149.248,
Tick,2024-10-13 22:02:17.209000+00:00,149.221,149.249,
Tick,2024-10-13 22:02:17.223000+00:00,149.222,149.25,
Tick,2024-10-13 22:02:17.231000+00:00,149.221,149.249,
Tick,2024-10-13 22:02:17.640000+00:00,149.222,149.25,
Tick,2024-10-13 22:02:18.830000+00:00,149.221,,
Tick,2024-10-13 22:02:29.255000+00:00,149.222,,
Tick,2024-10-13 22:02:29.285000+00:00,149.221,149.249,
Tick,2024-10-13 22:02:30.798000+00:00,,149.246,
Tick,2024-10-13 22:02:30.799000+00:00,149.22,,
Tick,2024-10-13 22:02:30.812000+00:00,149.221,149.247,
Tick,2024-10-13 22:02:30.814000+00:00,149.22,149.248,
Tick,2024-10-13 22:02:30.818000+00:00,149.219,149.247,
Tick,2024-10-13 22:02:30.820000+00:00,,149.248,
Tick,2024-10-13 22:02:30.835000+00:00,149.22,,
Tick,2024-10-13 22:02:32.227000+00:00,149.221,,
Tick,2024-10-13 22:02:32.239000+00:00,149.22,149.245,
Tick,2024-10-13 22:02:32.248000+00:00,,149.246,
Tick,2024-10-13 22:02:32.282000+00:00,,149.247,
Tick,2024-10-13 22:02:32.284000+00:00,149.221,,
Tick,2024-10-13 22:02:32.319000+00:00,149.219,149.248,
Tick,2024-10-13 22:02:32.405000+00:00,149.22,,
Tick,2024-10-13 22:02:32.421000+00:00,149.221,149.246,
Tick,2024-10-13 22:02:32.997000+00:00,,149.247,
Tick,2024-10-13 22:02:34.961000+00:00,149.223,149.246,
Tick,2024-10-13 22:02:34.974000+00:00,149.22,149.244,
Tick,2024-10-13 22:02:34.984000+00:00,,149.245,
Tick,2024-10-13 22:02:34.985000+00:00,,149.246,
Tick,2024-10-13 22:02:34.989000+00:00,149.219,149.245,
Tick,2024-10-13 22:02:34.993000+00:00,149.22,,
Tick,2024-10-13 22:02:35.014000+00:00,149.221,149.246,
Tick,2024-10-13 22:02:35.021000+00:00,149.22,149.245,
Tick,2024-10-13 22:02:35.029000+00:00,,149.246,
Tick,2024-10-13 22:02:35.117000+00:00,149.221,,
Tick,2024-10-13 22:02:35.122000+00:00,149.222,149.247,
Tick,2024-10-13 22:02:35.911000+00:00,149.221,,
Tick,2024-10-13 22:02:39.836000+00:00,149.223,149.246,
Tick,2024-10-13 22:02:39.848000+00:00,149.22,149.244,
Tick,2024-10-13 22:02:39.860000+00:00,149.219,,
Tick,2024-10-13 22:02:39.862000+00:00,149.22,149.243,
Tick,2024-10-13 22:02:39.868000+00:00,149.221,149.244,
Tick,2024-10-13 22:02:39.889000+00:00,149.218,149.243,
Tick,2024-10-13 22:02:39.895000+00:00,149.217,,
Tick,2024-10-13 22:02:39.913000+00:00,,149.24,
Tick,2024-10-13 22:02:39.926000+00:00,149.211,149.235,
Tick,2024-10-13 22:02:39.937000+00:00,149.21,,
Tick,2024-10-13 22:02:39.939000+00:00,149.208,149.234,
Tick,2024-10-13 22:02:39.979000+00:00,,149.233,
Tick,2024-10-13 22:02:39.988000+00:00,,149.231,
Tick,2024-10-13 22:02:40.004000+00:00,149.207,,
Tick,2024-10-13 22:02:40.027000+00:00,149.202,149.228,
Tick,2024-10-13 22:02:40.039000+00:00,149.201,,
Tick,2024-10-13 22:02:40.553000+00:00,149.199,149.229,
Tick,2024-10-13 22:02:40.594000+00:00,149.2,,
Tick,2024-10-13 22:02:40.596000+00:00,149.201,149.23,
Tick,2024-10-13 22:02:40.603000+00:00,149.2,,
Tick,2024-10-13 22:02:40.604000+00:00,149.201,149.231,
Tick,2024-10-13 22:02:40.627000+00:00,149.202,149.235,
Tick,2024-10-13 22:02:40.653000+00:00,149.203,,
Tick,2024-10-13 22:02:40.755000+00:00,149.204,,
Tick,2024-10-13 22:02:40.827000+00:00,,149.234,
Tick,2024-10-13 22:02:40.865000+00:00,,149.235,
Tick,2024-10-13 22:02:44.830000+00:00,,149.234,
Tick,2024-10-13 22:02:47.568000+00:00,149.206,,
Tick,2024-10-13 22:02:47.609000+00:00,149.208,149.236,
Tick,2024-10-13 22:02:47.631000+00:00,149.21,149.237,
Tick,2024-10-13 22:02:47.659000+00:00,149.211,149.238,
Tick,2024-10-13 22:02:52.467000+00:00,149.212,,
Tick,2024-10-13 22:02:52.556000+00:00,149.213,149.239,
Tick,2024-10-13 22:02:52.833000+00:00,149.212,,
Tick,2024-10-13 22:02:52.936000+00:00,,149.238,
Tick,2024-10-13 22:02:56.357000+00:00,149.211,,
Tick,2024-10-13 22:02:56.637000+00:00,,149.236,
Tick,2024-10-13 22:02:56.638000+00:00,149.21,149.235,
Tick,2024-10-13 22:02:56.661000+00:00,,149.236,
Tick,2024-10-13 22:02:56.662000+00:00,,149.237,
Tick,2024-10-13 22:02:56.712000+00:00,,149.236,
Tick,2024-10-13 22:02:56.739000+00:00,149.211,149.237,
Tick,2024-10-13 22:02:56.748000+00:00,,149.238,
Tick,2024-10-13 22:03:00.542000+00:00,149.211,149.239,
Tick,2024-10-13 22:03:01.398000+00:00,,149.238,
Tick,2024-10-13 22:03:02.004000+00:00,,149.239,
Tick,2024-10-13 22:03:02.028000+00:00,,149.238,
Tick,2024-10-13 22:03:02.032000+00:00,149.21,149.237,
Tick,2024-10-13 22:03:02.044000+00:00,149.207,149.236,
Tick,2024-10-13 22:03:02.169000+00:00,149.208,149.237,
Tick,2024-10-13 22:03:02.233000+00:00,149.21,149.239,
Tick,2024-10-13 22:03:03.266000+00:00,149.211,149.238,
Tick,2024-10-13 22:03:03.287000+00:00,149.21,149.237,
Tick,2024-10-13 22:03:03.296000+00:00,149.209,149.235,
Tick,2024-10-13 22:03:03.341000+00:00,149.208,149.234,
Tick,2024-10-13 22:03:03.344000+00:00,,149.232,
Tick,2024-10-13 22:03:03.442000+00:00,,149.233,
Tick,2024-10-13 22:03:03.444000+00:00,,149.23,
Tick,2024-10-13 22:03:19.068000+00:00,,149.229,
Tick,2024-10-13 22:03:19.070000+00:00,149.205,149.228,
Tick,2024-10-13 22:03:19.086000+00:00,149.204,,
Tick,2024-10-13 22:03:19.156000+00:00,149.203,,
Tick,2024-10-13 22:03:19.157000+00:00,149.201,,
Tick,2024-10-13 22:03:25.076000+00:00,,149.226,
Tick,2024-10-13 22:03:25.109000+00:00,149.2,149.223,
Tick,2024-10-13 22:03:25.165000+00:00,149.199,149.218,
Tick,2024-10-13 22:03:25.529000+00:00,,149.219,
Tick,2024-10-13 22:03:25.539000+00:00,,149.221,
Tick,2024-10-13 22:03:25.559000+00:00,149.2,149.222,
Tick,2024-10-13 22:03:25.561000+00:00,,149.224,
Tick,2024-10-13 22:03:25.625000+00:00,,149.225,
Tick,2024-10-13 22:03:27.263000+00:00,149.199,149.226,
Tick,2024-10-13 22:03:27.363000+00:00,149.2,,
Tick,2024-10-13 22:03:33.241000+00:00,149.202,149.224,
Tick,2024-10-13 22:03:33.252000+00:00,149.2,149.222,
Tick,2024-10-13 22:03:33.268000+00:00,149.199,149.221,
Tick,2024-10-13 22:03:33.300000+00:00,,149.224,
Tick,2024-10-13 22:03:33.301000+00:00,,149.225,
Tick,2024-10-13 22:03:33.340000+00:00,,149.224,
Tick,2024-10-13 22:03:33.368000+00:00,149.2,149.226,
Tick,2024-10-13 22:03:35.203000+00:00,149.199,149.225,
Tick,2024-10-13 22:03:35.222000+00:00,149.198,,
Tick,2024-10-13 22:03:35.244000+00:00,149.197,149.224,
Tick,2024-10-13 22:03:35.269000+00:00,149.193,149.227,
Tick,2024-10-13 22:03:35.297000+00:00,149.192,,
Tick,2024-10-13 22:03:35.444000+00:00,149.195,149.226,
Tick,2024-10-13 22:03:35.693000+00:00,149.196,149.225,
Tick,2024-10-13 22:03:35.721000+00:00,149.198,149.226,
Tick,2024-10-13 22:03:36.270000+00:00,149.2,149.225,
Tick,2024-10-13 22:03:38.038000+00:00,,149.226,
Tick,2024-10-13 22:03:45.570000+00:00,149.202,,
Tick,2024-10-13 22:03:45.578000+00:00,,149.227,
Tick,2024-10-13 22:03:45.589000+00:00,149.204,149.228,
Tick,2024-10-13 22:03:45.610000+00:00,,149.229,
Tick,2024-10-13 22:03:45.668000+00:00,149.205,149.23,
Tick,2024-10-13 22:03:45.690000+00:00,149.206,149.229,
Tick,2024-10-13 22:03:45.692000+00:00,149.204,,
Tick,2024-10-13 22:03:45.710000+00:00,,149.228,
Tick,2024-10-13 22:03:45.721000+00:00,149.203,,
Tick,2024-10-13 22:03:45.750000+00:00,149.202,,
Tick,2024-10-13 22:03:45.768000+00:00,,149.227,
Tick,2024-10-13 22:03:45.778000+00:00,149.201,149.226,
Tick,2024-10-13 22:03:46.049000+00:00,149.202,149.227,
Tick,2024-10-13 22:03:46.069000+00:00,149.203,149.228,
Tick,2024-10-13 22:03:46.167000+00:00,149.204,149.23,
Tick,2024-10-13 22:03:47.308000+00:00,149.205,149.229,
Tick,2024-10-13 22:03:50.437000+00:00,149.206,149.23,
Tick,2024-10-13 22:03:50.478000+00:00,149.205,,
Tick,2024-10-13 22:03:50.734000+00:00,149.206,,
Tick,2024-10-13 22:03:50.734000+00:00,,149.229,
Tick,2024-10-13 22:03:50.755000+00:00,149.205,149.228,
Tick,2024-10-13 22:03:52.252000+00:00,149.204,149.226,
Tick,2024-10-13 22:03:52.264000+00:00,149.202,,
Tick,2024-10-13 22:03:52.270000+00:00,,149.225,
Tick,2024-10-13 22:03:52.282000+00:00,,149.226,
Tick,2024-10-13 22:03:52.283000+00:00,149.2,,
Tick,2024-10-13 22:03:52.304000+00:00,,149.227,
Tick,2024-10-13 22:03:52.381000+00:00,149.199,,
Tick,2024-10-13 22:03:53.346000+00:00,149.2,149.225,
Tick,2024-10-13 22:03:53.351000+00:00,,149.223,
Tick,2024-10-13 22:03:53.363000+00:00,149.199,149.221,
Tick,2024-10-13 22:03:53.374000+00:00,149.198,149.22,
Tick,2024-10-13 22:03:53.385000+00:00,,149.217,
Tick,2024-10-13 22:03:54.444000+00:00,,149.214,
Tick,2024-10-13 22:03:54.507000+00:00,149.197,149.217,
Tick,2024-10-13 22:03:54.566000+00:00,,149.219,
Tick,2024-10-13 22:03:54.576000+00:00,149.198,149.22,
Tick,2024-10-13 22:03:54.584000+00:00,,149.221,
Tick,2024-10-13 22:03:54.585000+00:00,149.196,149.224,
Tick,2024-10-13 22:03:54.610000+00:00,,149.223,
Tick,2024-10-13 22:03:54.611000+00:00,,149.222,
Tick,2024-10-13 22:03:54.628000+00:00,149.195,149.22,
Tick,2024-10-13 22:03:54.685000+00:00,149.197,149.218,
Tick,2024-10-13 22:03:54.886000+00:00,149.198,149.217,
Tick,2024-10-13 22:03:55.506000+00:00,,149.216,
Tick,2024-10-13 22:03:55.554000+00:00,149.197,,
Tick,2024-10-13 22:03:55.556000+00:00,149.196,149.215,
Tick,2024-10-13 22:03:55.562000+00:00,149.195,,
Tick,2024-10-13 22:03:55.586000+00:00,149.19,149.216,
Tick,2024-10-13 22:03:55.595000+00:00,,149.217,
Tick,2024-10-13 22:03:55.617000+00:00,149.191,149.218,
Tick,2024-10-13 22:03:55.657000+00:00,149.192,,
Tick,2024-10-13 22:03:55.667000+00:00,149.191,149.217,
Tick,2024-10-13 22:03:55.688000+00:00,149.193,149.216,
Tick,2024-10-13 22:03:55.777000+00:00,149.195,149.218,
Tick,2024-10-13 22:03:55.887000+00:00,149.197,149.217,
Tick,2024-10-13 22:03:55.987000+00:00,149.198,,
Tick,2024-10-13 22:03:56.070000+00:00,149.197,149.215,
Tick,2024-10-13 22:03:56.087000+00:00,149.196,149.214,
Tick,2024-10-13 22:03:56.093000+00:00,,149.213,
Tick,2024-10-13 22:03:56.113000+00:00,149.194,149.212,
Tick,2024-10-13 22:03:58.994000+00:00,149.191,149.209,
Tick,2024-10-13 22:03:59.004000+00:00,149.19,149.208,
Tick,2024-10-13 22:03:59.026000+00:00,149.191,149.209,
Tick,2024-10-13 22:03:59.026000+00:00,149.19,149.208,
Tick,2024-10-13 22:03:59.089000+00:00,149.186,149.205,
Tick,2024-10-13 22:03:59.099000+00:00,,149.207,
Tick,2024-10-13 22:03:59.164000+00:00,149.185,,
Tick,2024-10-13 22:03:59.289000+00:00,,149.206,
Tick,2024-10-13 22:04:08.095000+00:00,149.185,149.207,
Tick,2024-10-13 22:04:12.114000+00:00,149.184,149.202,
Tick,2024-10-13 22:04:12.136000+00:00,149.182,,
Tick,2024-10-13 22:04:12.147000+00:00,149.181,149.203,
Tick,2024-10-13 22:04:12.148000+00:00,149.178,149.2,
Tick,2024-10-13 22:04:12.176000+00:00,149.179,149.201,
Tick,2024-10-13 22:04:12.198000+00:00,149.176,,
Tick,2024-10-13 22:04:12.899000+00:00,149.178,149.199,
Tick,2024-10-13 22:04:13.099000+00:00,,149.198,
Tick,2024-10-13 22:04:13.727000+00:00,149.176,149.196,
Tick,2024-10-13 22:04:13.737000+00:00,,149.197,
Tick,2024-10-13 22:04:13.748000+00:00,149.174,149.195,
Tick,2024-10-13 22:04:13.800000+00:00,149.172,149.197,
Tick,2024-10-13 22:04:14.047000+00:00,149.174,149.196,
Tick,2024-10-13 22:04:14.499000+00:00,,149.197,
Tick,2024-10-13 22:04:14.701000+00:00,149.175,,
Tick,2024-10-13 22:04:15.801000+00:00,149.174,,
Tick,2024-10-13 22:04:20.204000+00:00,149.175,149.198,
Tick,2024-10-13 22:04:24.319000+00:00,,149.197,
Tick,2024-10-13 22:04:24.336000+00:00,149.176,149.199,
Tick,2024-10-13 22:04:24.345000+00:00,149.177,149.2,
Tick,2024-10-13 22:04:24.376000+00:00,,149.201,
Tick,2024-10-13 22:04:24.389000+00:00,149.18,149.203,
Tick,2024-10-13 22:04:24.408000+00:00,149.179,149.205,
Tick,2024-10-13 22:04:25.233000+00:00,149.181,149.204,
Tick,2024-10-13 22:04:25.256000+00:00,149.182,149.206,
Tick,2024-10-13 22:04:25.266000+00:00,149.183,,
Tick,2024-10-13 22:04:25.293000+00:00,149.184,149.207,
Tick,2024-10-13 22:04:25.308000+00:00,149.185,149.206,
Tick,2024-10-13 22:04:26.038000+00:00,,149.207,
Tick,2024-10-13 22:04:26.039000+00:00,149.184,,
Tick,2024-10-13 22:04:26.061000+00:00,149.183,,
Tick,2024-10-13 22:04:26.073000+00:00,,149.206,
Tick,2024-10-13 22:04:26.109000+00:00,149.181,,
Tick,2024-10-13 22:04:26.202000+00:00,149.18,149.205,
Tick,2024-10-13 22:04:26.658000+00:00,149.179,149.206,
Tick,2024-10-13 22:04:26.661000+00:00,149.18,,
Tick,2024-10-13 22:04:26.692000+00:00,149.179,,
Tick,2024-10-13 22:04:30.746000+00:00,149.178,149.205,
Tick,2024-10-13 22:04:32.381000+00:00,149.18,149.204,
Tick,2024-10-13 22:04:32.398000+00:00,149.181,149.205,
Tick,2024-10-13 22:04:32.414000+00:00,,149.206,
Tick,2024-10-13 22:04:33.207000+00:00,149.18,,
Tick,2024-10-13 22:04:33.210000+00:00,149.181,149.204,
Tick,2024-10-13 22:04:33.215000+00:00,,149.203,
Tick,2024-10-13 22:04:33.231000+00:00,149.177,149.201,
Tick,2024-10-13 22:04:33.242000+00:00,149.176,149.2,
Tick,2024-10-13 22:04:33.245000+00:00,149.174,149.201,
Tick,2024-10-13 22:04:33.259000+00:00,149.175,149.2,
Tick,2024-10-13 22:04:33.262000+00:00,149.176,,
Tick,2024-10-13 22:04:33.271000+00:00,,149.202,
Tick,2024-10-13 22:04:33.278000+00:00,,149.199,
Tick,2024-10-13 22:04:33.314000+00:00,149.172,149.198,
Tick,2024-10-13 22:04:33.325000+00:00,,149.199,
Tick,2024-10-13 22:04:33.332000+00:00,,149.198,
Tick,2024-10-13 22:04:33.346000+00:00,,149.2,
Tick,2024-10-13 22:04:33.362000+00:00,149.171,,
Tick,2024-10-13 22:04:33.415000+00:00,149.173,149.199,
Tick,2024-10-13 22:04:33.516000+00:00,,149.198,
Tick,2024-10-13 22:04:33.594000+00:00,149.172,149.197,
Tick,2024-10-13 22:04:33.614000+00:00,149.17,,
Tick,2024-10-13 22:04:33.623000+00:00,149.169,149.196,
Tick,2024-10-13 22:04:33.662000+00:00,149.17,,
Tick,2024-10-13 22:04:33.673000+00:00,149.169,,
Tick,2024-10-13 22:04:33.715000+00:00,149.168,149.195,
Tick,2024-10-13 22:04:33.734000+00:00,,149.194,
Tick,2024-10-13 22:04:36.865000+00:00,149.169,,
Tick,2024-10-13 22:04:36.895000+00:00,149.168,,
Tick,2024-10-13 22:04:38.249000+00:00,149.169,,
Tick,2024-10-13 22:04:38.250000+00:00,,149.195,
Tick,2024-10-13 22:04:38.270000+00:00,149.168,149.194,
Tick,2024-10-13 22:04:41.224000+00:00,149.169,149.192,
Tick,2024-10-13 22:04:41.240000+00:00,,149.19,
Tick,2024-10-13 22:04:41.260000+00:00,149.168,149.191,
Tick,2024-10-13 22:04:41.262000+00:00,149.167,149.19,
Tick,2024-10-13 22:04:41.271000+00:00,149.166,149.189,
Tick,2024-10-13 22:04:41.321000+00:00,149.164,149.186,
Tick,2024-10-13 22:04:42.122000+00:00,,149.185,
Tick,2024-10-13 22:04:47.923000+00:00,,149.186,
Tick,2024-10-13 22:04:47.926000+00:00,149.165,149.188,
Tick,2024-10-13 22:04:47.937000+00:00,149.166,149.189,
Tick,2024-10-13 22:04:47.947000+00:00,149.167,149.192,
Tick,2024-10-13 22:04:47.977000+00:00,149.168,149.193,
Tick,2024-10-13 22:04:48.013000+00:00,149.171,149.195,
Tick,2024-10-13 22:04:48.027000+00:00,149.172,,
Tick,2024-10-13 22:04:48.036000+00:00,149.173,149.196,
Tick,2024-10-13 22:04:48.086000+00:00,149.174,149.197,
Tick,2024-10-13 22:04:48.378000+00:00,149.173,,
Tick,2024-10-13 22:04:56.220000+00:00,,149.196,
Tick,2024-10-13 22:04:56.233000+00:00,149.171,,
Tick,2024-10-13 22:04:56.338000+00:00,,149.195,
Tick,2024-10-13 22:04:56.604000+00:00,,149.196,
Tick,2024-10-13 22:04:56.625000+00:00,149.172,149.197,
Tick,2024-10-13 22:04:56.634000+00:00,,149.198,
Tick,2024-10-13 22:04:56.726000+00:00,,149.197,
Tick,2024-10-13 22:04:56.726000+00:00,149.171,,
Tick,2024-10-13 22:04:56.733000+00:00,149.17,149.198,
Tick,2024-10-13 22:04:56.734000+00:00,,149.197,
Tick,2024-10-13 22:04:56.737000+00:00,,149.196,
Tick,2024-10-13 22:04:56.757000+00:00,149.169,149.195,
Tick,2024-10-13 22:04:56.770000+00:00,,149.196,
Tick,2024-10-13 22:04:56.774000+00:00,149.168,149.195,
Tick,2024-10-13 22:04:56.833000+00:00,149.167,149.194,
Tick,2024-10-13 22:04:56.836000+00:00,149.168,,
Tick,2024-10-13 22:04:56.840000+00:00,149.169,149.193,
Tick,2024-10-13 22:04:56.842000+00:00,149.168,149.192,
Tick,2024-10-13 22:04:56.855000+00:00,149.17,149.194,
Tick,2024-10-13 22:04:56.866000+00:00,149.173,149.197,
Tick,2024-10-13 22:04:56.894000+00:00,,149.2,
Tick,2024-10-13 22:04:56.932000+00:00,149.177,149.207,
Tick,2024-10-13 22:04:58.038000+00:00,149.178,149.205,
Tick,2024-10-13 22:05:00.496000+00:00,149.179,149.206,
Tick,2024-10-13 22:05:00.963000+00:00,149.18,149.203,
Tick,2024-10-13 22:05:24.013000+00:00,149.185,149.205,
Tick,2024-10-13 22:05:24.053000+00:00,,149.203,
Tick,2024-10-13 22:05:24.060000+00:00,,149.204,
Tick,2024-10-13 22:05:24.123000+00:00,,149.203,
Tick,2024-10-13 22:05:24.925000+00:00,,149.204,
Tick,2024-10-13 22:05:26.135000+00:00,149.186,,
Tick,2024-10-13 22:05:26.271000+00:00,149.185,,
Tick,2024-10-13 22:05:26.275000+00:00,149.186,,
Tick,2024-10-13 22:05:26.295000+00:00,149.185,149.203,
Tick,2024-10-13 22:05:26.306000+00:00,149.186,149.204,
Tick,2024-10-13 22:05:26.362000+00:00,149.184,149.205,
Tick,2024-10-13 22:05:26.368000+00:00,149.183,,
Tick,2024-10-13 22:05:26.426000+00:00,149.184,,
Tick,2024-10-13 22:05:26.494000+00:00,149.183,,
Tick,2024-10-13 22:05:26.554000+00:00,149.184,,
Tick,2024-10-13 22:05:28.337000+00:00,149.183,,
Tick,2024-10-13 22:05:29.038000+00:00,149.184,,
Tick,2024-10-13 22:05:29.495000+00:00,149.183,,
Tick,2024-10-13 22:05:29.515000+00:00,149.182,149.204,
Tick,2024-10-13 22:05:29.525000+00:00,,149.205,
Tick,2024-10-13 22:05:29.534000+00:00,149.181,149.204,
Tick,2024-10-13 22:05:29.542000+00:00,149.179,149.203,
Tick,2024-10-13 22:05:29.558000+00:00,149.18,149.202,
Tick,2024-10-13 22:05:31.308000+00:00,149.181,149.2,
Tick,2024-10-13 22:05:31.323000+00:00,149.18,149.199,
Tick,2024-10-13 22:05:31.346000+00:00,,149.2,
Tick,2024-10-13 22:05:31.426000+00:00,,149.202,
Tick,2024-10-13 22:05:37.394000+00:00,,149.201,
Tick,2024-10-13 22:05:37.407000+00:00,149.178,149.199,
Tick,2024-10-13 22:05:37.455000+00:00,149.18,149.201,
