Type,Time,Bid,Ask,Volume
Tick,2024-10-13 22:00:03.796000+00:00,2656.39,2657.56,
Tick,2024-10-13 22:00:03.863000+00:00,2656.38,2657.55,
Tick,2024-10-13 22:00:04.063000+00:00,2656.2,2657.37,
Tick,2024-10-13 22:00:04.113000+00:00,2656.14,2657.31,
Tick,2024-10-13 22:00:04.954000+00:00,2656.2,2657.37,
Tick,2024-10-13 22:00:05.046000+00:00,2656.08,2657.25,
Tick,2024-10-13 22:00:05.586000+00:00,2656.35,2657.52,
Tick,2024-10-13 22:00:05.738000+00:00,2656.62,2657.79,
Tick,2024-10-13 22:00:05.747000+00:00,2656.58,2657.75,
Tick,2024-10-13 22:00:05.849000+00:00,2656.55,2657.72,
Tick,2024-10-13 22:00:06.750000+00:00,2656.28,2657.45,
Tick,2024-10-13 22:00:06.851000+00:00,2656.39,2657.56,
Tick,2024-10-13 22:00:06.860000+00:00,2656.24,2657.41,
Tick,2024-10-13 22:00:06.972000+00:00,2656.38,2657.55,
Tick,2024-10-13 22:00:07.697000+00:00,2656.2,2657.41,
Tick,2024-10-13 22:00:07.707000+00:00,2655.93,2657.14,
Tick,2024-10-13 22:00:07.716000+00:00,2655.95,2657.13,
Tick,2024-10-13 22:00:07.747000+00:00,2655.73,2656.91,
Tick,2024-10-13 22:00:07.813000+00:00,2655.67,2656.83,
Tick,2024-10-13 22:00:07.854000+00:00,2655.73,2656.89,
Tick,2024-10-13 22:00:07.949000+00:00,2655.81,2656.97,
Tick,2024-10-13 22:00:08.500000+00:00,2655.73,2656.9,
Tick,2024-10-13 22:00:08.511000+00:00,2655.88,2657.04,
Tick,2024-10-13 22:00:08.520000+00:00,2655.76,2656.92,
Tick,2024-10-13 22:00:08.673000+00:00,2655.72,2656.88,
Tick,2024-10-13 22:00:09.023000+00:00,2655.68,2656.84,
Tick,2024-10-13 22:00:09.136000+00:00,2655.59,2656.78,
Tick,2024-10-13 22:00:09.147000+00:00,2655.66,2656.85,
Tick,2024-10-13 22:00:09.157000+00:00,2655.64,2656.82,
Tick,2024-10-13 22:00:09.166000+00:00,2655.62,2656.8,
Tick,2024-10-13 22:00:09.176000+00:00,2655.61,,
Tick,2024-10-13 22:00:09.295000+00:00,2655.68,2656.84,
Tick,2024-10-13 22:00:09.308000+00:00,2655.53,2656.69,
Tick,2024-10-13 22:00:09.336000+00:00,2655.79,2656.97,
Tick,2024-10-13 22:00:09.346000+00:00,2656.05,2657.23,
Tick,2024-10-13 22:00:09.376000+00:00,2656.13,2657.31,
Tick,2024-10-13 22:00:09.456000+00:00,2656.26,2657.43,
Tick,2024-10-13 22:00:09.515000+00:00,2656.14,2657.31,
Tick,2024-10-13 22:00:09.592000+00:00,2656.03,2657.2,
Tick,2024-10-13 22:00:09.726000+00:00,2655.84,2657.01,
Tick,2024-10-13 22:00:09.805000+00:00,2655.95,2657.12,
Tick,2024-10-13 22:00:09.834000+00:00,2656,2657.17,
Tick,2024-10-13 22:00:09.861000+00:00,2655.95,2657.13,
Tick,2024-10-13 22:00:09.881000+00:00,2655.69,2656.86,
Tick,2024-10-13 22:00:09.890000+00:00,2655.66,2656.83,
Tick,2024-10-13 22:00:09.971000+00:00,2655.63,2656.8,
Tick,2024-10-13 22:00:09.981000+00:00,2655.6,2656.77,
Tick,2024-10-13 22:00:10.071000+00:00,2655.56,2656.72,
Tick,2024-10-13 22:00:10.373000+00:00,2655.55,2656.71,
Tick,2024-10-13 22:00:10.434000+00:00,2655.56,,
Tick,2024-10-13 22:00:10.929000+00:00,2655.31,2656.44,
Tick,2024-10-13 22:00:11.237000+00:00,2655.75,2656.03,
Tick,2024-10-13 22:00:11.247000+00:00,2655.37,2656.5,
Tick,2024-10-13 22:00:11.303000+00:00,2655.14,2656.27,
Tick,2024-10-13 22:00:11.404000+00:00,2655.59,2656.35,
Tick,2024-10-13 22:00:11.898000+00:00,2655.57,2656.44,
Tick,2024-10-13 22:00:11.904000+00:00,2655.58,2656.45,
Tick,2024-10-13 22:00:12.003000+00:00,,2656.46,
Tick,2024-10-13 22:00:12.705000+00:00,2655.6,2656.41,
Tick,2024-10-13 22:00:12.804000+00:00,2655.55,2656.36,
Tick,2024-10-13 22:00:12.906000+00:00,2655.56,2656.37,
Tick,2024-10-13 22:00:13.106000+00:00,2655.51,2656.38,
Tick,2024-10-13 22:00:13.205000+00:00,2655.49,2656.36,
Tick,2024-10-13 22:00:13.705000+00:00,2655.5,2656.37,
Tick,2024-10-13 22:00:14.006000+00:00,2655.49,2656.36,
Tick,2024-10-13 22:00:14.106000+00:00,2655.68,2656.56,
Tick,2024-10-13 22:00:14.306000+00:00,2655.48,2656.6,
Tick,2024-10-13 22:00:14.506000+00:00,2655.47,2656.58,
Tick,2024-10-13 22:00:14.807000+00:00,2655.49,2656.61,
Tick,2024-10-13 22:00:15.007000+00:00,2655.56,2656.47,
Tick,2024-10-13 22:00:15.107000+00:00,2655.53,2656.44,
Tick,2024-10-13 22:00:15.207000+00:00,2655.35,2656.21,
Tick,2024-10-13 22:00:15.310000+00:00,2655.27,2656.18,
Tick,2024-10-13 22:00:15.408000+00:00,2655.16,2656.05,
Tick,2024-10-13 22:00:15.508000+00:00,2655.43,2655.8,
Tick,2024-10-13 22:00:15.607000+00:00,2655.38,2655.82,
Tick,2024-10-13 22:00:15.708000+00:00,2655.09,2656.2,
Tick,2024-10-13 22:00:16.108000+00:00,2655.36,2656.46,
Tick,2024-10-13 22:00:16.509000+00:00,2655.45,2656.55,
Tick,2024-10-13 22:00:16.707000+00:00,2655.63,2656.05,
Tick,2024-10-13 22:00:16.808000+00:00,2655.61,2656.03,
Tick,2024-10-13 22:00:17.008000+00:00,2655.39,2656.51,
Tick,2024-10-13 22:00:17.109000+00:00,2655.37,2656.42,
Tick,2024-10-13 22:00:17.208000+00:00,2655.34,2656.39,
Tick,2024-10-13 22:00:17.609000+00:00,2655.33,2656.38,
Tick,2024-10-13 22:00:17.909000+00:00,2655.38,2656.43,
Tick,2024-10-13 22:00:19.110000+00:00,2655.39,2656.44,
Tick,2024-10-13 22:00:19.511000+00:00,2655.48,2656.52,
Tick,2024-10-13 22:00:19.611000+00:00,2655.42,2656.43,
Tick,2024-10-13 22:00:20.111000+00:00,2655.71,2656.12,
Tick,2024-10-13 22:00:20.411000+00:00,2655.72,2656.13,
Tick,2024-10-13 22:00:20.612000+00:00,2655.68,2656.11,
Tick,2024-10-13 22:00:20.711000+00:00,2655.45,2656.32,
Tick,2024-10-13 22:00:21.812000+00:00,2655.41,2656.31,
Tick,2024-10-13 22:00:23.513000+00:00,2655.57,2656.69,
Tick,2024-10-13 22:00:23.544000+00:00,2655.69,2656.82,
Tick,2024-10-13 22:00:23.614000+00:00,2655.62,2656.74,
Tick,2024-10-13 22:00:23.813000+00:00,2655.67,2656.72,
Tick,2024-10-13 22:00:24.013000+00:00,2655.5,2656.55,
Tick,2024-10-13 22:00:24.113000+00:00,2655.51,2656.56,
Tick,2024-10-13 22:00:24.514000+00:00,2655.55,2656.6,
Tick,2024-10-13 22:00:24.814000+00:00,,2656.61,
Tick,2024-10-13 22:00:25.016000+00:00,2655.54,2656.59,
Tick,2024-10-13 22:00:26.517000+00:00,2655.81,2656.23,
Tick,2024-10-13 22:00:26.615000+00:00,2655.78,2656.18,
Tick,2024-10-13 22:00:27.217000+00:00,2655.69,2656.11,
Tick,2024-10-13 22:00:27.517000+00:00,2655.64,2656.05,
Tick,2024-10-13 22:00:30.122000+00:00,2655.69,2656.1,
Tick,2024-10-13 22:00:30.220000+00:00,2655.7,2656.11,
Tick,2024-10-13 22:00:30.321000+00:00,2655.74,2656.15,
Tick,2024-10-13 22:00:30.421000+00:00,2655.37,2656.27,
Tick,2024-10-13 22:00:30.520000+00:00,2655.38,2656.29,
Tick,2024-10-13 22:00:30.620000+00:00,2655.48,2656.44,
Tick,2024-10-13 22:00:30.722000+00:00,2655.35,2656.38,
Tick,2024-10-13 22:00:30.822000+00:00,2655.4,2656.5,
Tick,2024-10-13 22:00:30.920000+00:00,2655.47,2656.48,
Tick,2024-10-13 22:00:31.120000+00:00,2655.69,2656.72,
Tick,2024-10-13 22:00:31.220000+00:00,2655.67,2656.8,
Tick,2024-10-13 22:00:31.321000+00:00,2655.73,2656.85,
Tick,2024-10-13 22:00:31.420000+00:00,2655.97,2656.5,
Tick,2024-10-13 22:00:31.822000+00:00,2655.98,2656.52,
Tick,2024-10-13 22:00:32.023000+00:00,,2656.5,
Tick,2024-10-13 22:00:32.122000+00:00,2656.03,2656.49,
Tick,2024-10-13 22:00:32.323000+00:00,2656.02,2656.46,
Tick,2024-10-13 22:00:32.423000+00:00,2656.01,2656.43,
Tick,2024-10-13 22:00:32.622000+00:00,2656.03,2656.46,
Tick,2024-10-13 22:00:33.225000+00:00,2655.95,2656.37,
Tick,2024-10-13 22:00:33.324000+00:00,2655.97,2656.34,
Tick,2024-10-13 22:00:33.523000+00:00,2655.93,2656.35,
Tick,2024-10-13 22:00:33.623000+00:00,2655.88,2656.39,
Tick,2024-10-13 22:00:34.222000+00:00,,2656.43,
Tick,2024-10-13 22:00:34.623000+00:00,2655.9,2656.37,
Tick,2024-10-13 22:00:35.527000+00:00,2655.61,2656.61,
Tick,2024-10-13 22:00:35.925000+00:00,2655.85,2656.32,
Tick,2024-10-13 22:00:36.825000+00:00,2655.83,2656.3,
Tick,2024-10-13 22:00:37.325000+00:00,2655.85,2656.35,
Tick,2024-10-13 22:00:37.425000+00:00,2655.87,2656.37,
Tick,2024-10-13 22:00:38.126000+00:00,2655.65,2656.69,
Tick,2024-10-13 22:00:38.225000+00:00,2655.6,2656.61,
Tick,2024-10-13 22:00:38.326000+00:00,2655.79,2656.35,
Tick,2024-10-13 22:00:38.527000+00:00,2655.81,2656.32,
Tick,2024-10-13 22:00:38.726000+00:00,2655.75,2656.26,
Tick,2024-10-13 22:00:38.927000+00:00,2655.71,2656.36,
Tick,2024-10-13 22:00:39.127000+00:00,2655.75,2656.28,
Tick,2024-10-13 22:00:39.226000+00:00,2655.77,,
Tick,2024-10-13 22:00:39.327000+00:00,2655.75,,
Tick,2024-10-13 22:00:39.426000+00:00,2655.74,2656.2,
Tick,2024-10-13 22:00:39.527000+00:00,2655.64,2656.55,
Tick,2024-10-13 22:00:39.627000+00:00,2655.63,2656.02,
Tick,2024-10-13 22:00:39.727000+00:00,2655.5,2655.88,
Tick,2024-10-13 22:00:39.927000+00:00,2655.47,,
Tick,2024-10-13 22:00:40.628000+00:00,2655.46,2655.86,
Tick,2024-10-13 22:00:40.828000+00:00,2655.47,2655.9,
Tick,2024-10-13 22:00:40.929000+00:00,2655.42,2655.81,
Tick,2024-10-13 22:00:41.530000+00:00,2655.39,2655.74,
Tick,2024-10-13 22:00:41.830000+00:00,2655.36,2655.7,
Tick,2024-10-13 22:00:42.333000+00:00,2655.29,2655.64,
Tick,2024-10-13 22:00:42.432000+00:00,2655.28,2655.63,
Tick,2024-10-13 22:00:42.530000+00:00,2655.34,2655.88,
Tick,2024-10-13 22:00:42.631000+00:00,2655.36,2655.85,
Tick,2024-10-13 22:00:43.231000+00:00,2655.34,2655.83,
Tick,2024-10-13 22:00:43.431000+00:00,2655.35,2655.88,
Tick,2024-10-13 22:00:43.530000+00:00,2655.26,2655.71,
Tick,2024-10-13 22:00:44.030000+00:00,2655.24,2655.68,
Tick,2024-10-13 22:00:44.531000+00:00,2655.05,2655.56,
Tick,2024-10-13 22:00:44.632000+00:00,2655.03,2655.53,
Tick,2024-10-13 22:00:44.732000+00:00,2655.07,2655.57,
Tick,2024-10-13 22:00:44.935000+00:00,2655.06,2655.5,
Tick,2024-10-13 22:00:45.132000+00:00,2655.02,2655.51,
Tick,2024-10-13 22:00:45.232000+00:00,2655.01,2655.45,
Tick,2024-10-13 22:00:45.533000+00:00,2654.78,2655.71,
Tick,2024-10-13 22:00:45.933000+00:00,2654.79,2655.66,
Tick,2024-10-13 22:00:46.133000+00:00,2654.77,2655.64,
Tick,2024-10-13 22:00:46.333000+00:00,2654.76,2655.66,
Tick,2024-10-13 22:00:46.634000+00:00,2654.78,2655.69,
Tick,2024-10-13 22:00:46.733000+00:00,2654.81,2655.68,
Tick,2024-10-13 22:00:48.135000+00:00,2655.01,2655.45,
Tick,2024-10-13 22:00:48.234000+00:00,2655.06,2655.5,
Tick,2024-10-13 22:00:48.734000+00:00,2654.81,2655.73,
Tick,2024-10-13 22:00:49.237000+00:00,2654.78,2655.7,
Tick,2024-10-13 22:00:49.735000+00:00,2654.8,2655.72,
Tick,2024-10-13 22:00:49.836000+00:00,2654.79,2655.71,
Tick,2024-10-13 22:00:50.336000+00:00,2654.78,2655.74,
Tick,2024-10-13 22:00:55.945000+00:00,2654.8,2655.88,
Tick,2024-10-13 22:00:56.044000+00:00,2655.07,2655.49,
Tick,2024-10-13 22:00:56.145000+00:00,2655.1,2655.53,
Tick,2024-10-13 22:00:56.245000+00:00,2654.81,2655.75,
Tick,2024-10-13 22:00:56.345000+00:00,2655.01,2655.51,
Tick,2024-10-13 22:00:56.545000+00:00,2654.95,2655.52,
Tick,2024-10-13 22:01:00.064000+00:00,2654.71,2655.21,
Tick,2024-10-13 22:01:00.169000+00:00,2654.46,2654.93,
Tick,2024-10-13 22:01:00.185000+00:00,2653.96,2654.89,
Tick,2024-10-13 22:01:00.266000+00:00,2653.58,2654.72,
Tick,2024-10-13 22:01:00.464000+00:00,2653.32,2654.44,
Tick,2024-10-13 22:01:00.665000+00:00,2653.04,2654.19,
Tick,2024-10-13 22:01:00.668000+00:00,2652.78,2653.9,
Tick,2024-10-13 22:01:00.703000+00:00,2652.5,2653.65,
Tick,2024-10-13 22:01:00.764000+00:00,2652.48,2653.63,
Tick,2024-10-13 22:01:00.867000+00:00,2652.24,2653.39,
Tick,2024-10-13 22:01:00.965000+00:00,2652.23,2653.36,
Tick,2024-10-13 22:01:01.065000+00:00,2652.09,2653.22,
Tick,2024-10-13 22:01:01.168000+00:00,2652.53,2653.31,
Tick,2024-10-13 22:01:01.205000+00:00,2652.57,2653.35,
Tick,2024-10-13 22:01:01.268000+00:00,2652.58,2653.14,
Tick,2024-10-13 22:01:01.656000+00:00,2652.38,2653.5,
Tick,2024-10-13 22:01:01.705000+00:00,2652.44,2653.57,
Tick,2024-10-13 22:01:01.796000+00:00,2652.45,,
Tick,2024-10-13 22:01:01.801000+00:00,2652.52,2653.55,
Tick,2024-10-13 22:01:01.898000+00:00,2652.45,2653.57,
Tick,2024-10-13 22:01:01.913000+00:00,2652.28,2653.41,
Tick,2024-10-13 22:01:01.997000+00:00,2652.39,2653.52,
Tick,2024-10-13 22:01:02.003000+00:00,2652.47,2653.61,
Tick,2024-10-13 22:01:02.172000+00:00,2652.67,2653.39,
Tick,2024-10-13 22:01:02.199000+00:00,2652.85,2653.75,
Tick,2024-10-13 22:01:02.213000+00:00,2652.91,2653.81,
Tick,2024-10-13 22:01:02.300000+00:00,2652.74,2653.43,
Tick,2024-10-13 22:01:02.313000+00:00,2652.67,2653.41,
Tick,2024-10-13 22:01:02.400000+00:00,2652.81,2653.4,
Tick,2024-10-13 22:01:02.500000+00:00,2652.83,2653.47,
Tick,2024-10-13 22:01:02.602000+00:00,2652.92,2653.53,
Tick,2024-10-13 22:01:02.700000+00:00,2652.8,2653.39,
Tick,2024-10-13 22:01:02.799000+00:00,2653,2653.52,
Tick,2024-10-13 22:01:03+00:00,2652.99,,
Tick,2024-10-13 22:01:03.100000+00:00,2653,,
Tick,2024-10-13 22:01:04.306000+00:00,2652.43,2653.56,
Tick,2024-10-13 22:01:04.332000+00:00,2652.52,2653.24,
Tick,2024-10-13 22:01:04.406000+00:00,,2653.19,
Tick,2024-10-13 22:01:04.504000+00:00,2652.61,2653.27,
Tick,2024-10-13 22:01:04.604000+00:00,2652.77,2653.37,
Tick,2024-10-13 22:01:04.703000+00:00,2652.96,2653.73,
Tick,2024-10-13 22:01:04.752000+00:00,2653.1,2653.84,
Tick,2024-10-13 22:01:04.804000+00:00,2653.25,2653.99,
Tick,2024-10-13 22:01:04.905000+00:00,2653.04,2653.67,
Tick,2024-10-13 22:01:04.908000+00:00,2653,2653.63,
Tick,2024-10-13 22:01:04.998000+00:00,2653.07,2653.91,
Tick,2024-10-13 22:01:05.004000+00:00,,2654.02,
Tick,2024-10-13 22:01:05.106000+00:00,2653.34,2654.28,
Tick,2024-10-13 22:01:05.110000+00:00,2653.41,2654.36,
Tick,2024-10-13 22:01:05.205000+00:00,2653.55,2654.46,
Tick,2024-10-13 22:01:05.308000+00:00,2653.34,2654.25,
Tick,2024-10-13 22:01:05.412000+00:00,2653.57,2654.33,
Tick,2024-10-13 22:01:05.513000+00:00,2653.39,2654.26,
Tick,2024-10-13 22:01:05.711000+00:00,2653.44,2654.29,
Tick,2024-10-13 22:01:05.812000+00:00,2653.58,2654.31,
Tick,2024-10-13 22:01:06.416000+00:00,2653.53,2654.28,
Tick,2024-10-13 22:01:06.516000+00:00,2653.58,2654.32,
Tick,2024-10-13 22:01:07.223000+00:00,,2654.31,
Tick,2024-10-13 22:01:07.824000+00:00,2653.53,2654.28,
Tick,2024-10-13 22:01:07.927000+00:00,2653.54,2654.32,
Tick,2024-10-13 22:01:08.025000+00:00,2653.49,2654.29,
Tick,2024-10-13 22:01:08.126000+00:00,2653.53,2654.28,
Tick,2024-10-13 22:01:08.224000+00:00,2653.5,2654.2,
Tick,2024-10-13 22:01:08.324000+00:00,2653.53,2654.21,
Tick,2024-10-13 22:01:08.626000+00:00,2653.51,2654.2,
Tick,2024-10-13 22:01:08.726000+00:00,2653.57,2654.21,
Tick,2024-10-13 22:01:09.132000+00:00,2653.59,2654.19,
Tick,2024-10-13 22:01:09.229000+00:00,2653.61,2654.25,
Tick,2024-10-13 22:01:09.733000+00:00,2653.24,2654.08,
Tick,2024-10-13 22:01:09.757000+00:00,2653.16,2654,
Tick,2024-10-13 22:01:09.833000+00:00,2652.92,2654.05,
Tick,2024-10-13 22:01:09.934000+00:00,2652.95,2654.08,
Tick,2024-10-13 22:01:10.439000+00:00,2652.91,2654.04,
Tick,2024-10-13 22:01:10.539000+00:00,2652.66,2653.82,
Tick,2024-10-13 22:01:10.544000+00:00,2652.59,2653.74,
Tick,2024-10-13 22:01:11.156000+00:00,2652.43,2653.56,
Tick,2024-10-13 22:01:11.243000+00:00,2652.17,2653.3,
Tick,2024-10-13 22:01:11.254000+00:00,2652.33,2653.13,
Tick,2024-10-13 22:01:11.343000+00:00,2652.17,2653.17,
Tick,2024-10-13 22:01:11.443000+00:00,2652.38,2653.52,
Tick,2024-10-13 22:01:11.459000+00:00,2652.43,2653.57,
Tick,2024-10-13 22:01:11.545000+00:00,2652.29,2653.43,
Tick,2024-10-13 22:01:11.644000+00:00,2652.17,2653.29,
Tick,2024-10-13 22:01:11.697000+00:00,2652.31,2653.44,
Tick,2024-10-13 22:01:12.032000+00:00,2652.14,2653.27,
Tick,2024-10-13 22:01:12.046000+00:00,2652.13,2653.26,
Tick,2024-10-13 22:01:12.147000+00:00,2652.16,2652.85,
Tick,2024-10-13 22:01:12.277000+00:00,2652.21,2652.84,
Tick,2024-10-13 22:01:12.426000+00:00,2652.26,2652.89,
Tick,2024-10-13 22:01:12.446000+00:00,2652.25,2652.83,
Tick,2024-10-13 22:01:12.511000+00:00,2652.2,2652.85,
Tick,2024-10-13 22:01:12.722000+00:00,2651.85,2652.97,
Tick,2024-10-13 22:01:12.750000+00:00,2651.98,2652.58,
Tick,2024-10-13 22:01:12.852000+00:00,2652,2652.51,
Tick,2024-10-13 22:01:12.922000+00:00,2652.07,2652.59,
Tick,2024-10-13 22:01:15.524000+00:00,2652.06,2652.62,
Tick,2024-10-13 22:01:15.575000+00:00,2652.05,2652.72,
Tick,2024-10-13 22:01:15.772000+00:00,,2652.64,
Tick,2024-10-13 22:01:17.552000+00:00,2651.82,2652.94,
Tick,2024-10-13 22:01:19.141000+00:00,2652.07,2652.63,
Tick,2024-10-13 22:01:19.310000+00:00,2651.89,2653.01,
Tick,2024-10-13 22:01:20.064000+00:00,2652.03,2652.66,
Tick,2024-10-13 22:01:22.111000+00:00,2652.04,2652.6,
Tick,2024-10-13 22:01:22.794000+00:00,2651.95,2652.65,
Tick,2024-10-13 22:01:22.814000+00:00,2651.88,2652.71,
Tick,2024-10-13 22:01:22.844000+00:00,2651.46,2652.59,
Tick,2024-10-13 22:01:22.913000+00:00,2651.18,2652.33,
Tick,2024-10-13 22:01:22.994000+00:00,2651.04,2652.18,
Tick,2024-10-13 22:01:23.016000+00:00,2651.1,2652.23,
Tick,2024-10-13 22:01:23.066000+00:00,2651.18,2652.31,
Tick,2024-10-13 22:01:23.115000+00:00,2651.26,2652.38,
Tick,2024-10-13 22:01:24.347000+00:00,2651.27,,
Tick,2024-10-13 22:01:24.494000+00:00,2651.19,2652.31,
Tick,2024-10-13 22:01:24.547000+00:00,2651.02,2652.15,
Tick,2024-10-13 22:01:24.646000+00:00,2651.09,2652.21,
Tick,2024-10-13 22:01:24.718000+00:00,2651.11,2652.24,
Tick,2024-10-13 22:01:24.746000+00:00,2651.15,2652.27,
Tick,2024-10-13 22:01:25.439000+00:00,2651.1,2652.22,
Tick,2024-10-13 22:01:25.452000+00:00,2651.05,2652.17,
Tick,2024-10-13 22:01:25.553000+00:00,2651.07,2652.19,
Tick,2024-10-13 22:01:25.855000+00:00,2651.09,,
Tick,2024-10-13 22:01:26.036000+00:00,2651.12,2652.25,
Tick,2024-10-13 22:01:26.093000+00:00,2651.09,2652.21,
Tick,2024-10-13 22:01:26.158000+00:00,2651.1,2652.22,
Tick,2024-10-13 22:01:26.188000+00:00,2651.12,2652.24,
Tick,2024-10-13 22:01:26.250000+00:00,2651.11,2652.21,
Tick,2024-10-13 22:01:26.258000+00:00,2651.09,,
Tick,2024-10-13 22:01:26.339000+00:00,2651.06,2652.1,
Tick,2024-10-13 22:01:26.358000+00:00,,2652.01,
Tick,2024-10-13 22:01:26.462000+00:00,,2652,
Tick,2024-10-13 22:01:26.561000+00:00,2651.08,,
Tick,2024-10-13 22:01:26.964000+00:00,2651.03,2652.04,
Tick,2024-10-13 22:01:27.066000+00:00,2651.08,2652.02,
Tick,2024-10-13 22:01:27.167000+00:00,2651.09,2652.03,
Tick,2024-10-13 22:01:27.296000+00:00,2651.32,2651.95,
Tick,2024-10-13 22:01:27.335000+00:00,2651.04,2652.16,
Tick,2024-10-13 22:01:27.370000+00:00,2651.16,2652.29,
Tick,2024-10-13 22:01:27.567000+00:00,2651.13,2652.26,
Tick,2024-10-13 22:01:27.666000+00:00,2651.1,2652.22,
Tick,2024-10-13 22:01:27.868000+00:00,2651.07,2652.19,
Tick,2024-10-13 22:01:28.473000+00:00,2651.1,2652.22,
Tick,2024-10-13 22:01:28.509000+00:00,2651.11,2652.23,
Tick,2024-10-13 22:01:28.572000+00:00,2651.1,2652.18,
Tick,2024-10-13 22:01:28.601000+00:00,2651.06,2652.14,
Tick,2024-10-13 22:01:28.666000+00:00,2650.98,2652.1,
Tick,2024-10-13 22:01:28.673000+00:00,2650.89,2652.04,
Tick,2024-10-13 22:01:28.723000+00:00,2650.92,2652.07,
Tick,2024-10-13 22:01:28.773000+00:00,2650.81,2651.95,
Tick,2024-10-13 22:01:28.828000+00:00,2650.79,2651.92,
Tick,2024-10-13 22:01:28.873000+00:00,2650.7,2651.83,
Tick,2024-10-13 22:01:28.920000+00:00,2650.79,2651.64,
Tick,2024-10-13 22:01:28.975000+00:00,2650.81,2651.63,
Tick,2024-10-13 22:01:28.980000+00:00,2650.72,2651.85,
Tick,2024-10-13 22:01:29.010000+00:00,2650.78,2651.68,
Tick,2024-10-13 22:01:29.072000+00:00,2650.77,,
Tick,2024-10-13 22:01:29.074000+00:00,2650.73,2651.61,
Tick,2024-10-13 22:01:29.173000+00:00,2650.9,2651.59,
Tick,2024-10-13 22:01:29.274000+00:00,2650.89,2651.58,
Tick,2024-10-13 22:01:29.476000+00:00,2650.91,2651.59,
Tick,2024-10-13 22:01:29.942000+00:00,2650.74,2651.87,
Tick,2024-10-13 22:01:29.975000+00:00,2650.73,2651.86,
Tick,2024-10-13 22:01:29.992000+00:00,2650.74,,
Tick,2024-10-13 22:01:30.011000+00:00,2650.93,2651.63,
Tick,2024-10-13 22:01:30.137000+00:00,2650.72,2651.84,
Tick,2024-10-13 22:01:30.177000+00:00,2650.8,2651.85,
Tick,2024-10-13 22:01:30.592000+00:00,2650.79,2651.92,
Tick,2024-10-13 22:01:30.679000+00:00,2650.86,2651.98,
Tick,2024-10-13 22:01:30.781000+00:00,2650.89,2652.01,
Tick,2024-10-13 22:01:30.881000+00:00,2650.91,2652.02,
Tick,2024-10-13 22:01:30.982000+00:00,2650.94,2652.07,
Tick,2024-10-13 22:01:31.082000+00:00,2651.03,2652.17,
Tick,2024-10-13 22:01:31.171000+00:00,2651.04,2652.18,
Tick,2024-10-13 22:01:31.187000+00:00,2651.02,2652.16,
Tick,2024-10-13 22:01:31.284000+00:00,2650.89,2652.03,
Tick,2024-10-13 22:01:31.385000+00:00,2650.88,2652,
Tick,2024-10-13 22:01:32.289000+00:00,2650.87,2651.97,
Tick,2024-10-13 22:01:32.576000+00:00,2650.86,2651.98,
Tick,2024-10-13 22:01:32.624000+00:00,2650.87,2652,
Tick,2024-10-13 22:01:32.692000+00:00,2650.89,2652.01,
Tick,2024-10-13 22:01:33.727000+00:00,2650.87,2651.99,
Tick,2024-10-13 22:01:34.847000+00:00,2651.06,2651.76,
Tick,2024-10-13 22:01:34.859000+00:00,2651.05,2651.74,
Tick,2024-10-13 22:01:34.934000+00:00,2651.07,2651.7,
Tick,2024-10-13 22:01:34.960000+00:00,,2651.69,
Tick,2024-10-13 22:01:35.004000+00:00,2650.97,2651.71,
Tick,2024-10-13 22:01:35.013000+00:00,2650.9,,
Tick,2024-10-13 22:01:35.060000+00:00,2650.71,2651.54,
Tick,2024-10-13 22:01:35.160000+00:00,2650.81,,
Tick,2024-10-13 22:01:35.223000+00:00,2650.62,2651.74,
Tick,2024-10-13 22:01:35.260000+00:00,2650.79,2651.75,
Tick,2024-10-13 22:01:35.678000+00:00,2650.68,2651.83,
Tick,2024-10-13 22:01:36.063000+00:00,2650.72,2651.85,
Tick,2024-10-13 22:01:36.168000+00:00,2650.74,2651.87,
Tick,2024-10-13 22:01:36.769000+00:00,2650.52,2651.69,
Tick,2024-10-13 22:01:36.868000+00:00,2650.51,2651.66,
Tick,2024-10-13 22:01:37.069000+00:00,2650.59,2651.76,
Tick,2024-10-13 22:01:37.779000+00:00,2650.64,2651.81,
Tick,2024-10-13 22:01:38.267000+00:00,2650.7,2651.83,
Tick,2024-10-13 22:01:39.225000+00:00,2650.64,2651.8,
Tick,2024-10-13 22:01:39.333000+00:00,2650.69,2651.83,
Tick,2024-10-13 22:01:39.392000+00:00,2650.71,2651.86,
Tick,2024-10-13 22:01:39.686000+00:00,2650.5,2651.67,
Tick,2024-10-13 22:01:40.307000+00:00,2650.48,2651.64,
Tick,2024-10-13 22:01:40.390000+00:00,2650.21,2651.37,
Tick,2024-10-13 22:01:40.420000+00:00,2650.2,2651.33,
Tick,2024-10-13 22:01:40.494000+00:00,2650.15,2651.28,
Tick,2024-10-13 22:01:40.520000+00:00,2650.16,2651.32,
Tick,2024-10-13 22:01:41.482000+00:00,2650.11,2651.29,
Tick,2024-10-13 22:01:41.498000+00:00,2650.06,2651.25,
Tick,2024-10-13 22:01:41.523000+00:00,2649.8,2650.98,
Tick,2024-10-13 22:01:41.583000+00:00,2649.59,2650.78,
Tick,2024-10-13 22:01:41.599000+00:00,2649.31,2650.52,
Tick,2024-10-13 22:01:41.626000+00:00,2649.04,2650.25,
Tick,2024-10-13 22:01:41.682000+00:00,2648.77,2649.98,
Tick,2024-10-13 22:01:41.698000+00:00,2648.72,2649.93,
Tick,2024-10-13 22:01:41.781000+00:00,2648.53,2649.73,
Tick,2024-10-13 22:01:41.785000+00:00,2648.74,2649.94,
Tick,2024-10-13 22:01:41.882000+00:00,2649.01,2650.21,
Tick,2024-10-13 22:01:41.898000+00:00,2649.1,2650.3,
Tick,2024-10-13 22:01:41.982000+00:00,2649.13,2650.33,
Tick,2024-10-13 22:01:42.001000+00:00,2648.97,2650.18,
Tick,2024-10-13 22:01:42.025000+00:00,2649.25,2650.45,
Tick,2024-10-13 22:01:42.082000+00:00,2649.41,2650.6,
Tick,2024-10-13 22:01:42.085000+00:00,2649.23,2650.42,
Tick,2024-10-13 22:01:42.102000+00:00,2649.28,2650.47,
Tick,2024-10-13 22:01:42.201000+00:00,2649.21,2650.4,
Tick,2024-10-13 22:01:42.301000+00:00,2649.32,2650.5,
Tick,2024-10-13 22:01:42.400000+00:00,2649.36,,
Tick,2024-10-13 22:01:42.602000+00:00,2649.3,2650.44,
Tick,2024-10-13 22:01:42.804000+00:00,2649.02,2650.2,
Tick,2024-10-13 22:01:42.906000+00:00,2649.09,2650.27,
Tick,2024-10-13 22:01:43.104000+00:00,2649.08,2650.26,
Tick,2024-10-13 22:01:43.205000+00:00,2649.19,2650.38,
Tick,2024-10-13 22:01:43.306000+00:00,2649.21,2650.4,
Tick,2024-10-13 22:01:43.405000+00:00,2649.23,,
Tick,2024-10-13 22:01:43.507000+00:00,2649.3,2650.44,
Tick,2024-10-13 22:01:43.606000+00:00,2649.36,2650.5,
Tick,2024-10-13 22:01:43.983000+00:00,2649.07,2650.26,
Tick,2024-10-13 22:01:44.011000+00:00,2648.79,2649.99,
Tick,2024-10-13 22:01:44.080000+00:00,2648.53,2649.73,
Tick,2024-10-13 22:01:44.087000+00:00,2648.4,2649.59,
Tick,2024-10-13 22:01:44.112000+00:00,2648.2,2649.36,
Tick,2024-10-13 22:01:44.211000+00:00,2648.05,2649.23,
Tick,2024-10-13 22:01:44.313000+00:00,2648,2649.18,
Tick,2024-10-13 22:01:44.413000+00:00,2648.22,2649.4,
Tick,2024-10-13 22:01:44.612000+00:00,2648.12,2649.3,
Tick,2024-10-13 22:01:44.713000+00:00,2648.06,2649.23,
Tick,2024-10-13 22:01:45.114000+00:00,2648.1,2649.29,
Tick,2024-10-13 22:01:45.214000+00:00,2647.92,2649.1,
Tick,2024-10-13 22:01:45.732000+00:00,2648,2649.18,
Tick,2024-10-13 22:01:45.815000+00:00,2648.26,2649.46,
Tick,2024-10-13 22:01:45.885000+00:00,2648.31,2649.51,
Tick,2024-10-13 22:01:45.916000+00:00,2648.12,2649.32,
Tick,2024-10-13 22:01:46.018000+00:00,2648,2649.18,
Tick,2024-10-13 22:01:46.317000+00:00,2648.05,2649.23,
Tick,2024-10-13 22:01:46.419000+00:00,2648.01,2649.18,
Tick,2024-10-13 22:01:46.974000+00:00,2648.11,2649.28,
Tick,2024-10-13 22:01:47.126000+00:00,2648.17,2649.34,
Tick,2024-10-13 22:01:47.231000+00:00,2648.16,2649.33,
Tick,2024-10-13 22:01:47.938000+00:00,2648.1,2649.3,
Tick,2024-10-13 22:01:47.940000+00:00,2648.05,2649.24,
Tick,2024-10-13 22:01:47.987000+00:00,2647.77,2648.99,
Tick,2024-10-13 22:01:48.022000+00:00,2647.65,2648.86,
Tick,2024-10-13 22:01:48.032000+00:00,2647.37,2648.59,
Tick,2024-10-13 22:01:48.063000+00:00,2647.1,2648.32,
Tick,2024-10-13 22:01:48.088000+00:00,2646.84,2648.06,
Tick,2024-10-13 22:01:48.122000+00:00,2646.57,2647.79,
Tick,2024-10-13 22:01:48.137000+00:00,2646.54,2647.76,
Tick,2024-10-13 22:01:48.187000+00:00,2646.45,2647.66,
Tick,2024-10-13 22:01:48.387000+00:00,2646.57,2647.75,
Tick,2024-10-13 22:01:48.435000+00:00,2646.49,2647.67,
Tick,2024-10-13 22:01:48.534000+00:00,2646.57,2647.78,
Tick,2024-10-13 22:01:48.635000+00:00,2646.31,2647.5,
Tick,2024-10-13 22:01:48.643000+00:00,2646.25,2647.43,
Tick,2024-10-13 22:01:48.737000+00:00,2646.14,2647.29,
Tick,2024-10-13 22:01:48.839000+00:00,2646.33,2647.5,
Tick,2024-10-13 22:01:48.939000+00:00,2646.25,2647.42,
Tick,2024-10-13 22:01:49.007000+00:00,2646.35,2647.52,
Tick,2024-10-13 22:01:49.042000+00:00,2646.61,2647.78,
Tick,2024-10-13 22:01:49.088000+00:00,2646.7,2647.89,
Tick,2024-10-13 22:01:49.139000+00:00,2646.8,2647.99,
Tick,2024-10-13 22:01:49.188000+00:00,2646.82,2648,
Tick,2024-10-13 22:01:49.238000+00:00,2646.96,2648.15,
Tick,2024-10-13 22:01:49.288000+00:00,2646.85,2648.04,
Tick,2024-10-13 22:01:49.487000+00:00,2646.88,2648.07,
Tick,2024-10-13 22:01:49.588000+00:00,2646.85,2648.04,
Tick,2024-10-13 22:01:49.687000+00:00,2646.92,2648.11,
Tick,2024-10-13 22:01:49.742000+00:00,2646.9,2648.09,
Tick,2024-10-13 22:01:49.788000+00:00,2646.83,2648.02,
Tick,2024-10-13 22:01:49.842000+00:00,2646.59,2647.77,
Tick,2024-10-13 22:01:49.941000+00:00,2646.53,2647.7,
Tick,2024-10-13 22:01:50.044000+00:00,2646.57,2647.74,
Tick,2024-10-13 22:01:50.349000+00:00,2646.78,2647.95,
Tick,2024-10-13 22:01:50.447000+00:00,2646.65,2647.82,
Tick,2024-10-13 22:01:51.052000+00:00,2646.38,2647.55,
Tick,2024-10-13 22:01:51.090000+00:00,2646.36,2647.53,
Tick,2024-10-13 22:01:51.150000+00:00,2646.29,2647.46,
Tick,2024-10-13 22:01:52.580000+00:00,2646.32,2647.49,
Tick,2024-10-13 22:01:52.781000+00:00,2646.36,2647.52,
Tick,2024-10-13 22:01:53.085000+00:00,2646.35,2647.5,
Tick,2024-10-13 22:01:53.185000+00:00,2646.33,2647.48,
Tick,2024-10-13 22:01:53.386000+00:00,2646.38,2647.52,
Tick,2024-10-13 22:01:53.591000+00:00,2646.4,2647.55,
Tick,2024-10-13 22:01:53.686000+00:00,2646.62,2647.78,
Tick,2024-10-13 22:01:53.787000+00:00,2646.47,2647.63,
Tick,2024-10-13 22:01:53.889000+00:00,2646.43,2647.59,
Tick,2024-10-13 22:01:54.495000+00:00,2646.51,2647.67,
Tick,2024-10-13 22:01:54.600000+00:00,2646.48,2647.64,
Tick,2024-10-13 22:01:54.696000+00:00,2646.4,2647.56,
Tick,2024-10-13 22:01:54.897000+00:00,2646.49,2647.65,
Tick,2024-10-13 22:01:54.998000+00:00,2646.47,2647.63,
Tick,2024-10-13 22:01:55.399000+00:00,2646.24,2647.41,
Tick,2024-10-13 22:01:55.600000+00:00,2646.33,2647.49,
Tick,2024-10-13 22:01:57.116000+00:00,2646.36,2647.52,
Tick,2024-10-13 22:01:57.208000+00:00,2646.39,2647.55,
Tick,2024-10-13 22:01:57.232000+00:00,2646.41,2647.56,
Tick,2024-10-13 22:01:57.310000+00:00,2646.64,2647.8,
Tick,2024-10-13 22:01:57.407000+00:00,2646.55,2647.7,
Tick,2024-10-13 22:01:57.610000+00:00,2646.8,2647.99,
Tick,2024-10-13 22:01:57.694000+00:00,2647.01,2648.2,
Tick,2024-10-13 22:01:57.811000+00:00,2646.75,2647.92,
Tick,2024-10-13 22:01:57.840000+00:00,2646.74,2647.91,
Tick,2024-10-13 22:01:57.911000+00:00,2646.75,2647.92,
Tick,2024-10-13 22:01:58.111000+00:00,2646.73,2647.91,
Tick,2024-10-13 22:01:58.291000+00:00,2646.76,2647.93,
Tick,2024-10-13 22:01:58.313000+00:00,2646.95,2648.12,
Tick,2024-10-13 22:01:58.413000+00:00,2646.82,2648.02,
Tick,2024-10-13 22:01:58.514000+00:00,2646.78,2647.97,
Tick,2024-10-13 22:01:58.615000+00:00,2646.83,2648.03,
Tick,2024-10-13 22:01:58.716000+00:00,2646.56,2647.76,
Tick,2024-10-13 22:01:58.746000+00:00,2646.3,2647.49,
Tick,2024-10-13 22:01:58.795000+00:00,2646.02,2647.22,
Tick,2024-10-13 22:01:58.814000+00:00,2645.76,2646.95,
Tick,2024-10-13 22:01:58.893000+00:00,2645.49,2646.68,
Tick,2024-10-13 22:01:58.894000+00:00,2645.52,2646.71,
Tick,2024-10-13 22:01:58.995000+00:00,2645.49,2646.67,
Tick,2024-10-13 22:01:59.015000+00:00,,2646.68,
Tick,2024-10-13 22:01:59.096000+00:00,2645.52,2646.71,
Tick,2024-10-13 22:01:59.218000+00:00,2645.6,2646.78,
Tick,2024-10-13 22:01:59.296000+00:00,2645.54,2646.72,
Tick,2024-10-13 22:01:59.395000+00:00,2645.6,2646.78,
Tick,2024-10-13 22:01:59.496000+00:00,2645.69,2646.87,
Tick,2024-10-13 22:01:59.596000+00:00,2645.73,2646.91,
Tick,2024-10-13 22:01:59.695000+00:00,2645.8,2646.97,
Tick,2024-10-13 22:01:59.821000+00:00,2645.75,2646.92,
Tick,2024-10-13 22:02:00.099000+00:00,2645.78,2646.94,
Tick,2024-10-13 22:02:00.124000+00:00,2645.92,2647.09,
Tick,2024-10-13 22:02:00.196000+00:00,2645.93,2647.1,
Tick,2024-10-13 22:02:00.225000+00:00,2646.11,2647.29,
Tick,2024-10-13 22:02:00.296000+00:00,2646.1,2647.28,
Tick,2024-10-13 22:02:00.324000+00:00,2645.94,2647.1,
Tick,2024-10-13 22:02:00.425000+00:00,2646.12,2647.29,
Tick,2024-10-13 22:02:00.525000+00:00,2645.96,2647.12,
Tick,2024-10-13 22:02:00.560000+00:00,2646.03,2647.2,
Tick,2024-10-13 22:02:00.627000+00:00,2646.11,2647.28,
Tick,2024-10-13 22:02:00.830000+00:00,2646.13,2647.29,
Tick,2024-10-13 22:02:00.930000+00:00,2646.12,2647.28,
Tick,2024-10-13 22:02:01.029000+00:00,2646.3,2647.46,
Tick,2024-10-13 22:02:01.130000+00:00,2646.36,2647.51,
Tick,2024-10-13 22:02:01.229000+00:00,2646.39,2647.54,
Tick,2024-10-13 22:02:01.330000+00:00,2646.36,2647.51,
Tick,2024-10-13 22:02:01.632000+00:00,2646.48,2647.5,
Tick,2024-10-13 22:02:02.035000+00:00,2646.53,2647.67,
Tick,2024-10-13 22:02:02.135000+00:00,2646.44,2647.58,
Tick,2024-10-13 22:02:02.183000+00:00,2646.46,2647.61,
Tick,2024-10-13 22:02:02.192000+00:00,2646.55,2647.69,
Tick,2024-10-13 22:02:02.238000+00:00,2646.76,2647.96,
Tick,2024-10-13 22:02:02.297000+00:00,2646.49,2647.69,
Tick,2024-10-13 22:02:02.338000+00:00,2646.29,2647.5,
Tick,2024-10-13 22:02:02.439000+00:00,2646.16,2647.35,
Tick,2024-10-13 22:02:02.455000+00:00,,2647.33,
Tick,2024-10-13 22:02:02.539000+00:00,2646.03,2647.17,
Tick,2024-10-13 22:02:02.639000+00:00,2646.04,2647.2,
Tick,2024-10-13 22:02:02.739000+00:00,2646.1,2647.25,
Tick,2024-10-13 22:02:02.839000+00:00,2646.22,2647.37,
Tick,2024-10-13 22:02:03.045000+00:00,2646.33,2647.5,
Tick,2024-10-13 22:02:03.141000+00:00,2646.35,2647.52,
Tick,2024-10-13 22:02:03.241000+00:00,2646.43,2647.6,
Tick,2024-10-13 22:02:03.342000+00:00,2646.5,2647.66,
Tick,2024-10-13 22:02:04.347000+00:00,2646.4,2647.57,
Tick,2024-10-13 22:02:04.449000+00:00,2646.33,2647.5,
Tick,2024-10-13 22:02:04.549000+00:00,2646.46,2647.62,
Tick,2024-10-13 22:02:04.649000+00:00,2646.5,2647.63,
Tick,2024-10-13 22:02:04.750000+00:00,2646.43,2647.56,
Tick,2024-10-13 22:02:05.051000+00:00,2646.46,2647.58,
Tick,2024-10-13 22:02:05.153000+00:00,2646.51,2647.65,
Tick,2024-10-13 22:02:05.250000+00:00,2646.45,2647.6,
Tick,2024-10-13 22:02:05.351000+00:00,2646.48,2647.63,
Tick,2024-10-13 22:02:05.977000+00:00,2646.58,2647.56,
Tick,2024-10-13 22:02:06.079000+00:00,2646.49,2647.53,
Tick,2024-10-13 22:02:06.179000+00:00,2646.53,2647.56,
Tick,2024-10-13 22:02:06.385000+00:00,2646.68,2647.85,
Tick,2024-10-13 22:02:06.484000+00:00,2646.52,2647.69,
Tick,2024-10-13 22:02:06.583000+00:00,2646.51,2647.68,
Tick,2024-10-13 22:02:06.884000+00:00,2646.5,2647.66,
Tick,2024-10-13 22:02:07.188000+00:00,2646.49,2647.65,
Tick,2024-10-13 22:02:07.288000+00:00,2646.47,2647.63,
Tick,2024-10-13 22:02:07.893000+00:00,2646.32,2647.47,
Tick,2024-10-13 22:02:07.924000+00:00,2646.34,,
Tick,2024-10-13 22:02:07.993000+00:00,2646.45,2647.54,
Tick,2024-10-13 22:02:08.091000+00:00,2646.44,,
Tick,2024-10-13 22:02:08.393000+00:00,2646.37,2647.51,
Tick,2024-10-13 22:02:08.997000+00:00,2646.36,2647.5,
Tick,2024-10-13 22:02:09.100000+00:00,2646.39,2647.53,
Tick,2024-10-13 22:02:09.199000+00:00,2646.43,2647.57,
Tick,2024-10-13 22:02:09.348000+00:00,2646.44,2647.58,
Tick,2024-10-13 22:02:09.403000+00:00,2646.54,2647.69,
Tick,2024-10-13 22:02:09.701000+00:00,2646.56,2647.7,
Tick,2024-10-13 22:02:10.001000+00:00,2646.54,2647.68,
Tick,2024-10-13 22:02:10.103000+00:00,2646.46,2647.63,
Tick,2024-10-13 22:02:10.303000+00:00,2646.51,2647.66,
Tick,2024-10-13 22:02:10.603000+00:00,2646.46,2647.61,
Tick,2024-10-13 22:02:10.710000+00:00,2646.44,2647.59,
Tick,2024-10-13 22:02:10.805000+00:00,2646.47,2647.62,
Tick,2024-10-13 22:02:10.906000+00:00,2646.5,2647.65,
Tick,2024-10-13 22:02:11.007000+00:00,2646.49,2647.64,
Tick,2024-10-13 22:02:11.110000+00:00,2646.53,2647.69,
Tick,2024-10-13 22:02:11.210000+00:00,2646.47,2647.63,
Tick,2024-10-13 22:02:11.310000+00:00,2646.48,2647.64,
Tick,2024-10-13 22:02:11.414000+00:00,2646.52,2647.67,
Tick,2024-10-13 22:02:12.012000+00:00,2646.51,2647.66,
Tick,2024-10-13 22:02:12.312000+00:00,2646.52,2647.67,
Tick,2024-10-13 22:02:12.412000+00:00,2646.48,2647.64,
Tick,2024-10-13 22:02:12.514000+00:00,2646.53,2647.68,
Tick,2024-10-13 22:02:12.917000+00:00,2646.6,2647.76,
Tick,2024-10-13 22:02:13.016000+00:00,2646.55,2647.71,
Tick,2024-10-13 22:02:13.521000+00:00,2646.57,2647.73,
Tick,2024-10-13 22:02:13.619000+00:00,2646.61,2647.76,
Tick,2024-10-13 22:02:13.720000+00:00,2646.58,2647.74,
Tick,2024-10-13 22:02:14.329000+00:00,2646.6,2647.76,
Tick,2024-10-13 22:02:14.426000+00:00,2646.65,2647.81,
Tick,2024-10-13 22:02:14.524000+00:00,2646.6,2647.76,
Tick,2024-10-13 22:02:14.907000+00:00,2646.55,2647.72,
Tick,2024-10-13 22:02:14.929000+00:00,2646.26,2647.46,
Tick,2024-10-13 22:02:14.969000+00:00,2646.02,2647.22,
Tick,2024-10-13 22:02:15.007000+00:00,2645.85,2647.03,
Tick,2024-10-13 22:02:15.028000+00:00,2645.59,2646.75,
Tick,2024-10-13 22:02:15.062000+00:00,2645.39,2646.52,
Tick,2024-10-13 22:02:15.131000+00:00,2645.27,2646.41,
Tick,2024-10-13 22:02:15.164000+00:00,2645.31,2646.45,
Tick,2024-10-13 22:02:15.935000+00:00,2645.33,2646.47,
Tick,2024-10-13 22:02:15.941000+00:00,2645.41,2646.55,
Tick,2024-10-13 22:02:15.951000+00:00,2645.55,2646.69,
Tick,2024-10-13 22:02:16.008000+00:00,2645.59,2646.73,
Tick,2024-10-13 22:02:16.059000+00:00,2645.47,2646.62,
Tick,2024-10-13 22:02:16.134000+00:00,2645.58,2646.74,
Tick,2024-10-13 22:02:16.144000+00:00,2645.55,2646.71,
Tick,2024-10-13 22:02:16.154000+00:00,2645.56,,
Tick,2024-10-13 22:02:16.259000+00:00,2645.6,2646.75,
Tick,2024-10-13 22:02:16.391000+00:00,2645.85,2647,
Tick,2024-10-13 22:02:16.408000+00:00,2645.89,2647.03,
Tick,2024-10-13 22:02:16.507000+00:00,2646,2647.18,
Tick,2024-10-13 22:02:16.736000+00:00,2645.94,2647.08,
Tick,2024-10-13 22:02:16.934000+00:00,2645.9,2647.03,
Tick,2024-10-13 22:02:17.034000+00:00,2645.89,2647.02,
Tick,2024-10-13 22:02:17.182000+00:00,2645.83,2646.96,
Tick,2024-10-13 22:02:17.234000+00:00,2645.85,2646.98,
Tick,2024-10-13 22:02:17.274000+00:00,2645.88,2647.01,
Tick,2024-10-13 22:02:17.333000+00:00,2645.92,2647.05,
Tick,2024-10-13 22:02:17.336000+00:00,2645.94,2647.07,
Tick,2024-10-13 22:02:17.435000+00:00,2645.87,2646.99,
Tick,2024-10-13 22:02:18.001000+00:00,2645.9,2647.03,
Tick,2024-10-13 22:02:18.038000+00:00,2645.96,2647.09,
Tick,2024-10-13 22:02:18.109000+00:00,2645.81,2646.96,
Tick,2024-10-13 22:02:18.139000+00:00,2645.78,2646.94,
Tick,2024-10-13 22:02:18.201000+00:00,2645.8,2646.97,
Tick,2024-10-13 22:02:18.209000+00:00,2645.88,2647.05,
Tick,2024-10-13 22:02:18.309000+00:00,2645.83,2646.98,
Tick,2024-10-13 22:02:18.409000+00:00,2645.85,2647,
Tick,2024-10-13 22:02:18.417000+00:00,2645.84,2646.99,
Tick,2024-10-13 22:02:18.439000+00:00,2645.78,2646.93,
Tick,2024-10-13 22:02:18.509000+00:00,2645.72,2646.87,
Tick,2024-10-13 22:02:18.609000+00:00,2645.68,2646.83,
Tick,2024-10-13 22:02:18.810000+00:00,2645.71,2646.86,
Tick,2024-10-13 22:02:19.042000+00:00,2645.46,2646.59,
Tick,2024-10-13 22:02:19.434000+00:00,2645.47,2646.62,
Tick,2024-10-13 22:02:19.454000+00:00,2645.51,2646.66,
Tick,2024-10-13 22:02:19.474000+00:00,2645.38,2646.53,
Tick,2024-10-13 22:02:19.484000+00:00,2645.42,2646.57,
Tick,2024-10-13 22:02:19.494000+00:00,2645.38,2646.53,
Tick,2024-10-13 22:02:19.510000+00:00,2645.32,2646.47,
Tick,2024-10-13 22:02:19.524000+00:00,2645.3,2646.45,
Tick,2024-10-13 22:02:19.548000+00:00,2645.29,,
Tick,2024-10-13 22:02:19.574000+00:00,2645.26,2646.42,
Tick,2024-10-13 22:02:19.594000+00:00,2645.3,2646.46,
Tick,2024-10-13 22:02:19.610000+00:00,2645.25,2646.4,
Tick,2024-10-13 22:02:19.810000+00:00,,2646.41,
Tick,2024-10-13 22:02:19.908000+00:00,2645.04,2646.22,
Tick,2024-10-13 22:02:19.949000+00:00,2645.1,2646.27,
Tick,2024-10-13 22:02:20.051000+00:00,2645.11,2646.28,
Tick,2024-10-13 22:02:20.151000+00:00,2645.07,2646.24,
Tick,2024-10-13 22:02:20.204000+00:00,2645.13,2646.3,
Tick,2024-10-13 22:02:20.251000+00:00,2645.17,2646.34,
Tick,2024-10-13 22:02:20.352000+00:00,2645.22,2646.38,
Tick,2024-10-13 22:02:20.653000+00:00,2645.3,2646.43,
Tick,2024-10-13 22:02:20.756000+00:00,2645.36,2646.5,
Tick,2024-10-13 22:02:20.858000+00:00,2645.34,2646.48,
Tick,2024-10-13 22:02:20.956000+00:00,2645.37,2646.51,
Tick,2024-10-13 22:02:21.159000+00:00,2645.4,2646.53,
Tick,2024-10-13 22:02:21.259000+00:00,2645.36,2646.46,
Tick,2024-10-13 22:02:21.360000+00:00,2645.26,2646.4,
Tick,2024-10-13 22:02:21.460000+00:00,2645.24,2646.37,
Tick,2024-10-13 22:02:21.563000+00:00,2645.27,2646.4,
Tick,2024-10-13 22:02:22.164000+00:00,2645.14,2646.27,
Tick,2024-10-13 22:02:22.264000+00:00,2645.17,2646.32,
Tick,2024-10-13 22:02:22.364000+00:00,2645.27,2646.43,
Tick,2024-10-13 22:02:22.468000+00:00,2645.32,2646.48,
Tick,2024-10-13 22:02:22.524000+00:00,2645.49,2646.67,
Tick,2024-10-13 22:02:22.566000+00:00,2645.31,2646.47,
Tick,2024-10-13 22:02:22.664000+00:00,2645.34,2646.49,
Tick,2024-10-13 22:02:22.764000+00:00,2645.4,2646.52,
Tick,2024-10-13 22:02:22.864000+00:00,2645.38,,
Tick,2024-10-13 22:02:22.966000+00:00,2645.48,2646.54,
Tick,2024-10-13 22:02:23.064000+00:00,2645.66,2646.78,
Tick,2024-10-13 22:02:23.165000+00:00,2645.69,2646.75,
Tick,2024-10-13 22:02:23.265000+00:00,2645.62,2646.74,
Tick,2024-10-13 22:02:23.668000+00:00,2645.6,2646.75,
Tick,2024-10-13 22:02:23.765000+00:00,2645.68,2646.83,
Tick,2024-10-13 22:02:23.815000+00:00,2645.82,2646.99,
Tick,2024-10-13 22:02:23.867000+00:00,2646.08,2647.27,
Tick,2024-10-13 22:02:23.967000+00:00,2646.07,2647.25,
Tick,2024-10-13 22:02:24.065000+00:00,2645.88,2647.04,
Tick,2024-10-13 22:02:24.265000+00:00,2646,2646.86,
Tick,2024-10-13 22:02:24.367000+00:00,2645.94,2646.91,
Tick,2024-10-13 22:02:24.467000+00:00,2646.04,2647.03,
Tick,2024-10-13 22:02:24.566000+00:00,2646.09,2647.01,
Tick,2024-10-13 22:02:24.666000+00:00,2645.97,,
Tick,2024-10-13 22:02:24.793000+00:00,2645.99,2647.08,
Tick,2024-10-13 22:02:24.803000+00:00,2646.02,2647.11,
Tick,2024-10-13 22:02:24.868000+00:00,2646.28,2647.4,
Tick,2024-10-13 22:02:24.914000+00:00,2646.33,2647.46,
Tick,2024-10-13 22:02:24.967000+00:00,2646.31,2647.44,
Tick,2024-10-13 22:02:25.067000+00:00,2646.27,2647.4,
Tick,2024-10-13 22:02:25.469000+00:00,2646.31,2647.43,
Tick,2024-10-13 22:02:25.571000+00:00,2646.58,2647.7,
Tick,2024-10-13 22:02:25.576000+00:00,2646.64,2647.76,
Tick,2024-10-13 22:02:25.615000+00:00,2646.52,2647.66,
Tick,2024-10-13 22:02:25.616000+00:00,2646.63,2647.77,
Tick,2024-10-13 22:02:25.670000+00:00,2646.87,2648.03,
Tick,2024-10-13 22:02:25.676000+00:00,2646.73,2647.93,
Tick,2024-10-13 22:02:25.716000+00:00,2647,2648.2,
Tick,2024-10-13 22:02:25.739000+00:00,2647.14,2648.34,
Tick,2024-10-13 22:02:25.815000+00:00,2647,2648.19,
Tick,2024-10-13 22:02:25.915000+00:00,2647.01,2648.2,
Tick,2024-10-13 22:02:26.014000+00:00,2646.79,2647.99,
Tick,2024-10-13 22:02:26.596000+00:00,2646.83,2648.02,
Tick,2024-10-13 22:02:26.615000+00:00,2646.85,2648.05,
Tick,2024-10-13 22:02:26.649000+00:00,2646.9,2648.1,
Tick,2024-10-13 22:02:26.700000+00:00,2646.86,2648.05,
Tick,2024-10-13 22:02:26.718000+00:00,2646.92,2648.1,
Tick,2024-10-13 22:02:26.779000+00:00,2646.89,2648.07,
Tick,2024-10-13 22:02:26.880000+00:00,2646.93,2648.11,
Tick,2024-10-13 22:02:26.955000+00:00,2647.03,2648.2,
Tick,2024-10-13 22:02:27.147000+00:00,2647.14,2648.31,
Tick,2024-10-13 22:02:27.180000+00:00,2647.28,2648.47,
Tick,2024-10-13 22:02:27.198000+00:00,2647.45,2648.64,
Tick,2024-10-13 22:02:27.250000+00:00,2647.55,2648.73,
Tick,2024-10-13 22:02:27.316000+00:00,2647.72,2648.91,
Tick,2024-10-13 22:02:27.419000+00:00,2647.87,2649.06,
Tick,2024-10-13 22:02:27.515000+00:00,2647.88,,
Tick,2024-10-13 22:02:27.617000+00:00,2647.87,2649.05,
Tick,2024-10-13 22:02:27.686000+00:00,2647.64,2648.8,
Tick,2024-10-13 22:02:27.690000+00:00,2647.59,2648.71,
Tick,2024-10-13 22:02:27.887000+00:00,2647.54,2648.67,
Tick,2024-10-13 22:02:28.087000+00:00,2647.81,2648.95,
Tick,2024-10-13 22:02:28.093000+00:00,2647.89,2649.03,
Tick,2024-10-13 22:02:28.116000+00:00,2648.11,2649.25,
Tick,2024-10-13 22:02:28.186000+00:00,2648.05,2649.18,
Tick,2024-10-13 22:02:28.289000+00:00,2647.86,2648.98,
Tick,2024-10-13 22:02:28.388000+00:00,2648.15,2649.17,
Tick,2024-10-13 22:02:28.589000+00:00,2648.07,2648.98,
Tick,2024-10-13 22:02:28.693000+00:00,2647.76,2648.89,
Tick,2024-10-13 22:02:28.980000+00:00,2647.8,2648.88,
Tick,2024-10-13 22:02:28.993000+00:00,2648.07,2648.95,
Tick,2024-10-13 22:02:29.093000+00:00,2648.29,2649.19,
Tick,2024-10-13 22:02:29.194000+00:00,2648.12,2649.03,
Tick,2024-10-13 22:02:29.285000+00:00,2648.13,2649.14,
Tick,2024-10-13 22:02:29.294000+00:00,2648.2,2649.32,
Tick,2024-10-13 22:02:29.393000+00:00,2648.45,2649.52,
Tick,2024-10-13 22:02:29.494000+00:00,2648.35,2649.47,
Tick,2024-10-13 22:02:29.695000+00:00,2648.37,2649.43,
Tick,2024-10-13 22:02:29.748000+00:00,2648.49,2649.61,
Tick,2024-10-13 22:02:29.798000+00:00,2648.76,2649.89,
Tick,2024-10-13 22:02:29.798000+00:00,2648.8,2649.93,
Tick,2024-10-13 22:02:29.819000+00:00,2648.9,2650.03,
Tick,2024-10-13 22:02:29.870000+00:00,2648.94,2650.08,
Tick,2024-10-13 22:02:29.880000+00:00,2648.97,2650.11,
Tick,2024-10-13 22:02:29.890000+00:00,2649.01,2650.15,
Tick,2024-10-13 22:02:29.896000+00:00,2649.09,2650.24,
Tick,2024-10-13 22:02:29.909000+00:00,2649.12,2650.27,
Tick,2024-10-13 22:02:29.917000+00:00,2649.18,2650.33,
Tick,2024-10-13 22:02:29.972000+00:00,2649.4,2650.58,
Tick,2024-10-13 22:02:29.997000+00:00,2649.49,2650.67,
Tick,2024-10-13 22:02:30.018000+00:00,2649.6,2650.79,
Tick,2024-10-13 22:02:30.099000+00:00,2649.49,2650.68,
Tick,2024-10-13 22:02:30.172000+00:00,2649.5,2650.67,
Tick,2024-10-13 22:02:30.233000+00:00,2649.57,2650.72,
Tick,2024-10-13 22:02:30.243000+00:00,2649.66,2650.84,
Tick,2024-10-13 22:02:30.263000+00:00,2649.48,2650.63,
Tick,2024-10-13 22:02:30.301000+00:00,2649.63,2650.78,
Tick,2024-10-13 22:02:30.498000+00:00,2649.76,2650.91,
Tick,2024-10-13 22:02:30.598000+00:00,2649.79,2650.94,
Tick,2024-10-13 22:02:30.698000+00:00,2649.88,2651.03,
Tick,2024-10-13 22:02:30.802000+00:00,2649.85,2651,
Tick,2024-10-13 22:02:31+00:00,2650,2651.15,
Tick,2024-10-13 22:02:31.079000+00:00,2650.08,2651.23,
Tick,2024-10-13 22:02:31.100000+00:00,2650.35,2651.51,
Tick,2024-10-13 22:02:31.119000+00:00,2650.44,2651.6,
Tick,2024-10-13 22:02:31.201000+00:00,2650.48,2651.64,
Tick,2024-10-13 22:02:31.219000+00:00,2650.66,2651.83,
Tick,2024-10-13 22:02:31.239000+00:00,2650.72,2651.92,
Tick,2024-10-13 22:02:31.409000+00:00,2650.7,2651.89,
Tick,2024-10-13 22:02:31.620000+00:00,2650.72,2651.91,
Tick,2024-10-13 22:02:31.819000+00:00,2650.77,2651.96,
Tick,2024-10-13 22:02:31.951000+00:00,2650.54,2651.7,
Tick,2024-10-13 22:02:32.104000+00:00,2650.5,2651.66,
Tick,2024-10-13 22:02:32.198000+00:00,2650.54,2651.7,
Tick,2024-10-13 22:02:32.207000+00:00,2650.59,2651.74,
Tick,2024-10-13 22:02:32.209000+00:00,2650.72,2651.87,
Tick,2024-10-13 22:02:32.218000+00:00,2650.79,2651.94,
Tick,2024-10-13 22:02:32.222000+00:00,2650.81,2651.96,
Tick,2024-10-13 22:02:32.278000+00:00,2650.82,2651.97,
Tick,2024-10-13 22:02:32.307000+00:00,2650.87,2652.03,
Tick,2024-10-13 22:02:32.321000+00:00,2651.04,2652.21,
Tick,2024-10-13 22:02:32.405000+00:00,2651.07,2652.24,
Tick,2024-10-13 22:02:32.510000+00:00,2650.85,2652.02,
Tick,2024-10-13 22:02:32.605000+00:00,2650.8,2651.97,
Tick,2024-10-13 22:02:32.620000+00:00,2650.77,2651.94,
Tick,2024-10-13 22:02:32.805000+00:00,2650.76,2651.93,
Tick,2024-10-13 22:02:33.010000+00:00,2650.51,2651.68,
Tick,2024-10-13 22:02:33.039000+00:00,2650.5,2651.67,
Tick,2024-10-13 22:02:33.114000+00:00,2650.48,2651.64,
Tick,2024-10-13 22:02:33.209000+00:00,2650.51,2651.67,
Tick,2024-10-13 22:02:33.307000+00:00,2650.5,2651.66,
Tick,2024-10-13 22:02:33.407000+00:00,2650.51,2651.68,
Tick,2024-10-13 22:02:33.509000+00:00,2650.52,2651.69,
Tick,2024-10-13 22:02:33.603000+00:00,2650.62,2651.78,
Tick,2024-10-13 22:02:33.821000+00:00,2650.59,2651.76,
Tick,2024-10-13 22:02:33.833000+00:00,2650.32,2651.51,
Tick,2024-10-13 22:02:33.913000+00:00,2650.3,2651.48,
Tick,2024-10-13 22:02:34.333000+00:00,2650.23,2651.39,
Tick,2024-10-13 22:02:34.419000+00:00,2650.22,2651.38,
Tick,2024-10-13 22:02:34.617000+00:00,2650.26,2651.41,
Tick,2024-10-13 22:02:34.718000+00:00,2650.23,2651.39,
Tick,2024-10-13 22:02:35.227000+00:00,2649.96,2651.13,
Tick,2024-10-13 22:02:35.325000+00:00,2649.86,2651.02,
Tick,2024-10-13 22:02:35.426000+00:00,2649.77,2650.93,
Tick,2024-10-13 22:02:35.526000+00:00,2649.87,2651.03,
Tick,2024-10-13 22:02:35.626000+00:00,2649.76,2650.91,
Tick,2024-10-13 22:02:35.726000+00:00,2649.74,2650.89,
Tick,2024-10-13 22:02:35.827000+00:00,2649.9,2651.04,
Tick,2024-10-13 22:02:35.928000+00:00,2649.81,2650.95,
Tick,2024-10-13 22:02:36.028000+00:00,2649.89,2651.03,
Tick,2024-10-13 22:02:36.120000+00:00,2650.04,2651.18,
Tick,2024-10-13 22:02:36.231000+00:00,2650.13,2651.26,
Tick,2024-10-13 22:02:36.323000+00:00,2650.17,2651.32,
Tick,2024-10-13 22:02:36.331000+00:00,2650.14,2651.29,
Tick,2024-10-13 22:02:36.431000+00:00,2649.95,2651.1,
Tick,2024-10-13 22:02:36.534000+00:00,2649.85,2650.99,
Tick,2024-10-13 22:02:36.633000+00:00,2650,2651.13,
Tick,2024-10-13 22:02:36.934000+00:00,2650.01,2651.14,
Tick,2024-10-13 22:02:37.105000+00:00,2650.03,2651.17,
Tick,2024-10-13 22:02:37.134000+00:00,2650.13,2651.27,
Tick,2024-10-13 22:02:37.234000+00:00,2650.05,2651.19,
Tick,2024-10-13 22:02:37.436000+00:00,2649.89,2651.04,
Tick,2024-10-13 22:02:37.635000+00:00,2649.86,2651,
Tick,2024-10-13 22:02:38.239000+00:00,2649.68,2650.83,
Tick,2024-10-13 22:02:38.341000+00:00,2649.72,2650.86,
Tick,2024-10-13 22:02:38.405000+00:00,2649.74,2650.88,
Tick,2024-10-13 22:02:38.416000+00:00,2649.76,2650.9,
Tick,2024-10-13 22:02:38.441000+00:00,2649.84,2650.97,
Tick,2024-10-13 22:02:38.539000+00:00,2649.83,2650.96,
Tick,2024-10-13 22:02:38.925000+00:00,2649.82,2650.95,
Tick,2024-10-13 22:02:38.944000+00:00,2649.72,2650.85,
Tick,2024-10-13 22:02:38.947000+00:00,2649.7,2650.83,
Tick,2024-10-13 22:02:39.033000+00:00,2649.67,,
Tick,2024-10-13 22:02:39.045000+00:00,2649.63,2650.81,
Tick,2024-10-13 22:02:39.083000+00:00,2649.53,2650.72,
Tick,2024-10-13 22:02:39.125000+00:00,2649.31,2650.5,
Tick,2024-10-13 22:02:39.145000+00:00,2649.03,2650.23,
Tick,2024-10-13 22:02:39.177000+00:00,2648.77,2649.96,
Tick,2024-10-13 22:02:39.225000+00:00,2648.5,2649.69,
Tick,2024-10-13 22:02:39.245000+00:00,2648.24,2649.43,
Tick,2024-10-13 22:02:39.278000+00:00,2648.42,2649.6,
Tick,2024-10-13 22:02:39.335000+00:00,2648.25,2649.44,
Tick,2024-10-13 22:02:39.526000+00:00,2648.29,2649.48,
Tick,2024-10-13 22:02:39.726000+00:00,2648.18,2649.36,
Tick,2024-10-13 22:02:39.736000+00:00,2648.09,2649.27,
Tick,2024-10-13 22:02:39.825000+00:00,2648.06,2649.25,
Tick,2024-10-13 22:02:39.928000+00:00,2648.09,2649.27,
Tick,2024-10-13 22:02:39.988000+00:00,2648.29,2649.48,
Tick,2024-10-13 22:02:40.039000+00:00,2648.23,2649.42,
Tick,2024-10-13 22:02:40.049000+00:00,2648.24,2649.4,
Tick,2024-10-13 22:02:40.125000+00:00,2648.34,2649.5,
Tick,2024-10-13 22:02:40.227000+00:00,,2649.49,
Tick,2024-10-13 22:02:40.251000+00:00,2648.19,2649.33,
Tick,2024-10-13 22:02:40.352000+00:00,2648.12,2649.26,
Tick,2024-10-13 22:02:40.451000+00:00,2648.18,2649.32,
Tick,2024-10-13 22:02:40.553000+00:00,2648.11,2649.26,
Tick,2024-10-13 22:02:40.795000+00:00,2648.08,2649.23,
Tick,2024-10-13 22:02:41.855000+00:00,2648.11,2649.26,
Tick,2024-10-13 22:02:42.357000+00:00,2648.07,2649.21,
Tick,2024-10-13 22:02:42.759000+00:00,2648.14,2649.29,
Tick,2024-10-13 22:02:42.962000+00:00,2648.13,2649.31,
Tick,2024-10-13 22:02:43.024000+00:00,2648.17,2649.36,
Tick,2024-10-13 22:02:43.029000+00:00,2648.12,2649.31,
Tick,2024-10-13 22:02:43.062000+00:00,2648.17,2649.37,
Tick,2024-10-13 22:02:43.076000+00:00,2648.02,2649.22,
Tick,2024-10-13 22:02:43.129000+00:00,2647.94,2649.14,
Tick,2024-10-13 22:02:43.429000+00:00,2647.92,2649.12,
Tick,2024-10-13 22:02:43.529000+00:00,2647.89,2649.09,
Tick,2024-10-13 22:02:43.653000+00:00,2647.8,2648.96,
Tick,2024-10-13 22:02:43.729000+00:00,2647.79,2648.95,
Tick,2024-10-13 22:02:43.829000+00:00,2647.52,2648.68,
Tick,2024-10-13 22:02:43.837000+00:00,2647.4,2648.56,
Tick,2024-10-13 22:02:44.135000+00:00,2647.47,2648.63,
Tick,2024-10-13 22:02:44.164000+00:00,2647.36,2648.52,
Tick,2024-10-13 22:02:44.364000+00:00,2647.19,2648.34,
Tick,2024-10-13 22:02:44.764000+00:00,2647.2,,
Tick,2024-10-13 22:02:44.865000+00:00,2647.19,2648.33,
Tick,2024-10-13 22:02:44.891000+00:00,2647.17,2648.31,
Tick,2024-10-13 22:02:44.966000+00:00,2647.15,2648.29,
Tick,2024-10-13 22:02:45.007000+00:00,2647.13,2648.27,
Tick,2024-10-13 22:02:45.067000+00:00,2647.09,2648.23,
Tick,2024-10-13 22:02:45.097000+00:00,2647.08,2648.22,
Tick,2024-10-13 22:02:45.137000+00:00,2647.07,,
Tick,2024-10-13 22:02:45.168000+00:00,2646.98,2648.13,
Tick,2024-10-13 22:02:45.267000+00:00,2646.89,2648.04,
Tick,2024-10-13 22:02:45.267000+00:00,2646.87,2648.02,
Tick,2024-10-13 22:02:45.338000+00:00,2646.77,2647.94,
Tick,2024-10-13 22:02:45.368000+00:00,2646.81,2647.98,
Tick,2024-10-13 22:02:45.468000+00:00,2646.82,2647.99,
Tick,2024-10-13 22:02:46.074000+00:00,2646.72,2647.87,
Tick,2024-10-13 22:02:46.174000+00:00,2646.7,2647.85,
Tick,2024-10-13 22:02:46.276000+00:00,2646.58,2647.74,
Tick,2024-10-13 22:02:46.376000+00:00,2646.53,2647.7,
Tick,2024-10-13 22:02:46.543000+00:00,2646.61,2647.78,
Tick,2024-10-13 22:02:46.972000+00:00,2646.57,2647.75,
Tick,2024-10-13 22:02:46.983000+00:00,2646.55,2647.69,
Tick,2024-10-13 22:02:47.082000+00:00,2646.54,,
Tick,2024-10-13 22:02:47.085000+00:00,2646.46,2647.61,
Tick,2024-10-13 22:02:47.422000+00:00,2646.4,2647.54,
Tick,2024-10-13 22:02:47.473000+00:00,2646.44,2647.61,
Tick,2024-10-13 22:02:48.177000+00:00,2646.45,2647.59,
Tick,2024-10-13 22:02:48.480000+00:00,,2647.58,
Tick,2024-10-13 22:02:48.488000+00:00,2646.36,2647.5,
Tick,2024-10-13 22:02:48.769000+00:00,2646.32,2647.46,
Tick,2024-10-13 22:02:48.780000+00:00,,2647.45,
Tick,2024-10-13 22:02:48.788000+00:00,2646.31,,
Tick,2024-10-13 22:02:48.930000+00:00,2646.28,2647.42,
Tick,2024-10-13 22:02:49.092000+00:00,2646.23,2647.38,
Tick,2024-10-13 22:02:49.291000+00:00,2646.22,2647.36,
Tick,2024-10-13 22:02:50.095000+00:00,2646.13,2647.28,
Tick,2024-10-13 22:02:50.121000+00:00,2646.16,2647.31,
Tick,2024-10-13 22:02:50.180000+00:00,2646.36,2647.52,
Tick,2024-10-13 22:02:50.197000+00:00,2646.38,,
Tick,2024-10-13 22:02:50.299000+00:00,2646.27,2647.42,
Tick,2024-10-13 22:02:50.321000+00:00,2646.25,2647.41,
Tick,2024-10-13 22:02:50.402000+00:00,2646.24,2647.4,
Tick,2024-10-13 22:02:50.434000+00:00,2646.23,2647.39,
Tick,2024-10-13 22:02:50.507000+00:00,2646.2,2647.36,
Tick,2024-10-13 22:02:50.588000+00:00,2646.15,2647.29,
Tick,2024-10-13 22:02:50.597000+00:00,2646.14,2647.28,
Tick,2024-10-13 22:02:50.698000+00:00,2646.13,2647.27,
Tick,2024-10-13 22:02:50.752000+00:00,2646.08,2647.25,
Tick,2024-10-13 22:02:51.222000+00:00,2646.03,2647.2,
Tick,2024-10-13 22:02:51.325000+00:00,2645.94,2647.11,
Tick,2024-10-13 22:02:51.426000+00:00,2645.95,2647.12,
Tick,2024-10-13 22:02:51.752000+00:00,2645.96,2647.1,
Tick,2024-10-13 22:02:52.255000+00:00,2645.72,2646.9,
Tick,2024-10-13 22:02:52.356000+00:00,2645.75,2646.92,
Tick,2024-10-13 22:02:52.455000+00:00,2645.73,2646.9,
Tick,2024-10-13 22:02:52.963000+00:00,2645.86,2647.02,
Tick,2024-10-13 22:02:52.963000+00:00,2645.83,2646.99,
Tick,2024-10-13 22:02:52.973000+00:00,2645.75,2646.93,
Tick,2024-10-13 22:02:53.077000+00:00,2645.94,2647.1,
Tick,2024-10-13 22:02:53.117000+00:00,2645.78,2646.94,
Tick,2024-10-13 22:02:53.214000+00:00,2645.87,2647.03,
Tick,2024-10-13 22:02:53.234000+00:00,2645.7,2646.87,
Tick,2024-10-13 22:02:53.263000+00:00,2645.66,2646.82,
Tick,2024-10-13 22:02:53.311000+00:00,2645.59,2646.79,
Tick,2024-10-13 22:02:53.488000+00:00,2645.57,2646.77,
Tick,2024-10-13 22:02:54.032000+00:00,2645.59,2646.75,
Tick,2024-10-13 22:02:54.051000+00:00,2645.62,2646.78,
Tick,2024-10-13 22:02:54.063000+00:00,2645.64,2646.8,
Tick,2024-10-13 22:02:54.374000+00:00,2645.62,2646.78,
Tick,2024-10-13 22:02:54.478000+00:00,2645.58,2646.73,
Tick,2024-10-13 22:02:54.488000+00:00,2645.57,2646.72,
Tick,2024-10-13 22:02:54.572000+00:00,2645.54,2646.69,
Tick,2024-10-13 22:02:54.591000+00:00,2645.48,2646.63,
Tick,2024-10-13 22:02:54.743000+00:00,2645.46,2646.61,
Tick,2024-10-13 22:02:54.951000+00:00,2645.52,2646.68,
Tick,2024-10-13 22:02:54.973000+00:00,2645.53,2646.69,
Tick,2024-10-13 22:02:55.074000+00:00,2645.54,,
Tick,2024-10-13 22:02:55.256000+00:00,2645.5,2646.68,
Tick,2024-10-13 22:02:55.967000+00:00,2645.42,2646.6,
Tick,2024-10-13 22:02:55.999000+00:00,2645.53,2646.68,
Tick,2024-10-13 22:02:56.006000+00:00,2645.49,2646.64,
Tick,2024-10-13 22:02:56.358000+00:00,2645.41,2646.56,
Tick,2024-10-13 22:02:56.369000+00:00,2645.3,2646.45,
Tick,2024-10-13 22:02:56.388000+00:00,2645.05,2646.2,
Tick,2024-10-13 22:02:56.404000+00:00,2645.21,2646.39,
Tick,2024-10-13 22:02:56.579000+00:00,2645.2,2646.38,
Tick,2024-10-13 22:02:56.628000+00:00,2645.26,2646.43,
Tick,2024-10-13 22:02:56.712000+00:00,2645.51,2646.72,
Tick,2024-10-13 22:02:56.739000+00:00,2645.68,2646.89,
Tick,2024-10-13 22:02:56.885000+00:00,2645.43,2646.62,
Tick,2024-10-13 22:02:56.988000+00:00,2645.49,2646.66,
Tick,2024-10-13 22:02:57.148000+00:00,2645.56,2646.71,
Tick,2024-10-13 22:02:57.461000+00:00,2645.48,2646.63,
Tick,2024-10-13 22:02:57.509000+00:00,,2646.66,
Tick,2024-10-13 22:02:58.061000+00:00,2645.5,2646.67,
Tick,2024-10-13 22:02:58.233000+00:00,2645.49,2646.63,
Tick,2024-10-13 22:02:58.370000+00:00,2645.45,2646.62,
Tick,2024-10-13 22:02:58.570000+00:00,2645.43,2646.6,
Tick,2024-10-13 22:02:58.837000+00:00,2645.5,2646.66,
Tick,2024-10-13 22:02:58.922000+00:00,2645.74,2646.92,
Tick,2024-10-13 22:02:59.043000+00:00,2645.83,2647.01,
Tick,2024-10-13 22:02:59.170000+00:00,2645.78,2646.93,
Tick,2024-10-13 22:02:59.542000+00:00,2645.95,2647.11,
Tick,2024-10-13 22:02:59.626000+00:00,2645.99,2647.15,
Tick,2024-10-13 22:02:59.641000+00:00,2646.01,2647.18,
Tick,2024-10-13 22:02:59.841000+00:00,2646.04,2647.21,
Tick,2024-10-13 22:03:00.142000+00:00,2646.03,2647.19,
Tick,2024-10-13 22:03:00.342000+00:00,,2647.22,
Tick,2024-10-13 22:03:00.442000+00:00,2646.07,2647.26,
Tick,2024-10-13 22:03:00.543000+00:00,2646.12,2647.31,
Tick,2024-10-13 22:03:00.642000+00:00,2646.07,2647.25,
Tick,2024-10-13 22:03:00.742000+00:00,2646.01,2647.19,
Tick,2024-10-13 22:03:00.842000+00:00,2646.06,2647.25,
Tick,2024-10-13 22:03:01.143000+00:00,2646.14,2647.3,
Tick,2024-10-13 22:03:01.327000+00:00,,2647.29,
Tick,2024-10-13 22:03:01.428000+00:00,2646.13,2647.31,
Tick,2024-10-13 22:03:01.442000+00:00,2646.12,2647.3,
Tick,2024-10-13 22:03:01.461000+00:00,2646.19,2647.35,
Tick,2024-10-13 22:03:01.527000+00:00,2646.44,2647.64,
Tick,2024-10-13 22:03:01.537000+00:00,2646.48,2647.67,
Tick,2024-10-13 22:03:01.607000+00:00,2646.59,2647.78,
Tick,2024-10-13 22:03:01.628000+00:00,2646.81,2648,
Tick,2024-10-13 22:03:01.697000+00:00,2646.83,2648.02,
Tick,2024-10-13 22:03:01.730000+00:00,2646.84,,
Tick,2024-10-13 22:03:02.028000+00:00,2646.88,2648.04,
Tick,2024-10-13 22:03:02.133000+00:00,2647.13,2648.33,
Tick,2024-10-13 22:03:02.143000+00:00,2647.25,2648.45,
Tick,2024-10-13 22:03:02.159000+00:00,2647.17,2648.34,
Tick,2024-10-13 22:03:02.190000+00:00,2647.22,2648.41,
Tick,2024-10-13 22:03:02.323000+00:00,2647.28,2648.45,
Tick,2024-10-13 22:03:02.333000+00:00,2647.3,2648.47,
Tick,2024-10-13 22:03:02.353000+00:00,2647.28,2648.44,
Tick,2024-10-13 22:03:02.363000+00:00,2647.3,2648.46,
Tick,2024-10-13 22:03:02.445000+00:00,2647.37,2648.54,
Tick,2024-10-13 22:03:02.456000+00:00,2647.43,2648.6,
Tick,2024-10-13 22:03:02.536000+00:00,2647.59,2648.75,
Tick,2024-10-13 22:03:02.546000+00:00,2647.58,2648.74,
Tick,2024-10-13 22:03:02.566000+00:00,2647.6,2648.76,
Tick,2024-10-13 22:03:02.618000+00:00,2647.62,2648.78,
Tick,2024-10-13 22:03:02.627000+00:00,2647.82,2648.98,
Tick,2024-10-13 22:03:02.637000+00:00,2647.84,2649,
Tick,2024-10-13 22:03:02.700000+00:00,2647.78,2648.96,
Tick,2024-10-13 22:03:02.744000+00:00,2647.81,2649,
Tick,2024-10-13 22:03:02.844000+00:00,2647.78,2648.96,
Tick,2024-10-13 22:03:02.931000+00:00,,2648.94,
Tick,2024-10-13 22:03:02.944000+00:00,2647.74,2648.9,
Tick,2024-10-13 22:03:03.092000+00:00,2647.79,2648.95,
Tick,2024-10-13 22:03:03.113000+00:00,2647.74,2648.9,
Tick,2024-10-13 22:03:03.215000+00:00,2647.69,2648.84,
Tick,2024-10-13 22:03:03.396000+00:00,2647.66,2648.81,
Tick,2024-10-13 22:03:03.496000+00:00,2647.87,2649.05,
Tick,2024-10-13 22:03:03.740000+00:00,2647.79,2648.97,
Tick,2024-10-13 22:03:03.881000+00:00,2647.68,2648.85,
Tick,2024-10-13 22:03:04.099000+00:00,2647.66,2648.84,
Tick,2024-10-13 22:03:04.237000+00:00,2647.44,2648.58,
Tick,2024-10-13 22:03:04.348000+00:00,2647.65,2648.82,
Tick,2024-10-13 22:03:04.847000+00:00,2647.64,2648.81,
Tick,2024-10-13 22:03:05.110000+00:00,,2648.79,
Tick,2024-10-13 22:03:05.253000+00:00,2647.63,2648.81,
Tick,2024-10-13 22:03:05.345000+00:00,2647.76,2648.93,
Tick,2024-10-13 22:03:05.650000+00:00,2647.63,2648.81,
Tick,2024-10-13 22:03:05.752000+00:00,2647.69,2648.86,
Tick,2024-10-13 22:03:05.852000+00:00,2647.74,2648.91,
Tick,2024-10-13 22:03:06.052000+00:00,2647.63,2648.79,
Tick,2024-10-13 22:03:06.155000+00:00,2647.61,2648.75,
Tick,2024-10-13 22:03:06.454000+00:00,2647.49,2648.66,
Tick,2024-10-13 22:03:06.554000+00:00,2647.4,2648.57,
Tick,2024-10-13 22:03:06.858000+00:00,2647.34,2648.5,
Tick,2024-10-13 22:03:07.669000+00:00,2647.36,2648.51,
Tick,2024-10-13 22:03:07.707000+00:00,2647.34,2648.49,
Tick,2024-10-13 22:03:07.784000+00:00,2647.12,2648.31,
Tick,2024-10-13 22:03:07.885000+00:00,2647.02,2648.17,
Tick,2024-10-13 22:03:07.960000+00:00,2646.97,2648.12,
Tick,2024-10-13 22:03:08.085000+00:00,2646.98,2648.13,
Tick,2024-10-13 22:03:08.287000+00:00,2647,2648.14,
Tick,2024-10-13 22:03:08.488000+00:00,2646.99,,
Tick,2024-10-13 22:03:08.592000+00:00,2646.77,2647.92,
Tick,2024-10-13 22:03:08.691000+00:00,2646.75,2647.89,
Tick,2024-10-13 22:03:08.891000+00:00,2646.7,2647.84,
Tick,2024-10-13 22:03:09.292000+00:00,2646.53,2647.67,
Tick,2024-10-13 22:03:09.393000+00:00,2646.42,2647.55,
Tick,2024-10-13 22:03:09.699000+00:00,2646.38,2647.51,
Tick,2024-10-13 22:03:09.795000+00:00,2646.35,2647.47,
Tick,2024-10-13 22:03:09.862000+00:00,2646.33,2647.46,
Tick,2024-10-13 22:03:10.579000+00:00,2646.31,2647.43,
Tick,2024-10-13 22:03:10.599000+00:00,2646.53,2647.66,
Tick,2024-10-13 22:03:10.602000+00:00,2646.7,2647.83,
Tick,2024-10-13 22:03:10.650000+00:00,2646.8,2647.95,
Tick,2024-10-13 22:03:10.750000+00:00,2646.83,2648.01,
Tick,2024-10-13 22:03:10.801000+00:00,2646.76,2647.94,
Tick,2024-10-13 22:03:10.903000+00:00,2646.66,2647.83,
Tick,2024-10-13 22:03:11.390000+00:00,2646.61,2647.75,
Tick,2024-10-13 22:03:11.702000+00:00,2646.54,2647.67,
Tick,2024-10-13 22:03:12.204000+00:00,2646.53,2647.69,
Tick,2024-10-13 22:03:12.229000+00:00,2646.65,2647.81,
Tick,2024-10-13 22:03:12.279000+00:00,2646.57,2647.73,
Tick,2024-10-13 22:03:12.309000+00:00,2646.62,2647.77,
Tick,2024-10-13 22:03:12.320000+00:00,2646.65,2647.81,
Tick,2024-10-13 22:03:12.380000+00:00,2646.68,2647.84,
Tick,2024-10-13 22:03:12.540000+00:00,2646.64,2647.77,
Tick,2024-10-13 22:03:12.905000+00:00,2646.63,2647.76,
Tick,2024-10-13 22:03:13.007000+00:00,2646.9,2648.03,
Tick,2024-10-13 22:03:13.052000+00:00,,2648.04,
Tick,2024-10-13 22:03:13.108000+00:00,2646.92,2648.06,
Tick,2024-10-13 22:03:13.209000+00:00,2646.81,2647.96,
Tick,2024-10-13 22:03:13.310000+00:00,2646.78,2647.91,
Tick,2024-10-13 22:03:13.410000+00:00,2646.85,2647.99,
Tick,2024-10-13 22:03:13.511000+00:00,2646.69,2647.82,
Tick,2024-10-13 22:03:13.882000+00:00,2646.76,2647.91,
Tick,2024-10-13 22:03:14.627000+00:00,2646.69,2647.81,
Tick,2024-10-13 22:03:14.728000+00:00,2646.76,2647.91,
Tick,2024-10-13 22:03:15.001000+00:00,2646.74,2647.89,
Tick,2024-10-13 22:03:15.024000+00:00,2646.81,2647.97,
Tick,2024-10-13 22:03:15.123000+00:00,2646.67,2647.85,
Tick,2024-10-13 22:03:15.224000+00:00,2646.66,2647.84,
Tick,2024-10-13 22:03:15.429000+00:00,2646.67,2647.82,
Tick,2024-10-13 22:03:16.128000+00:00,2646.51,2647.68,
Tick,2024-10-13 22:03:16.246000+00:00,2646.52,2647.66,
Tick,2024-10-13 22:03:16.532000+00:00,2646.53,2647.67,
Tick,2024-10-13 22:03:16.595000+00:00,2646.79,2647.95,
Tick,2024-10-13 22:03:16.604000+00:00,2646.86,2648,
Tick,2024-10-13 22:03:16.633000+00:00,2646.9,2648.05,
Tick,2024-10-13 22:03:16.732000+00:00,2646.95,2648.12,
Tick,2024-10-13 22:03:16.833000+00:00,2646.97,2648.14,
Tick,2024-10-13 22:03:17.437000+00:00,2646.95,2648.12,
Tick,2024-10-13 22:03:17.537000+00:00,2646.96,2648.13,
Tick,2024-10-13 22:03:17.839000+00:00,2646.9,2648.05,
Tick,2024-10-13 22:03:17.941000+00:00,2646.92,2648.07,
Tick,2024-10-13 22:03:18.040000+00:00,2646.73,2647.89,
Tick,2024-10-13 22:03:18.165000+00:00,2646.87,2648.02,
Tick,2024-10-13 22:03:18.665000+00:00,2646.68,2647.82,
Tick,2024-10-13 22:03:19.069000+00:00,2646.63,2647.78,
Tick,2024-10-13 22:03:19.173000+00:00,2646.57,2647.71,
Tick,2024-10-13 22:03:19.642000+00:00,2646.53,2647.67,
Tick,2024-10-13 22:03:19.978000+00:00,2646.51,2647.65,
Tick,2024-10-13 22:03:20.884000+00:00,2646.38,2647.53,
Tick,2024-10-13 22:03:20.959000+00:00,2646.12,2647.26,
Tick,2024-10-13 22:03:20.970000+00:00,2645.84,2647.01,
Tick,2024-10-13 22:03:20.984000+00:00,2645.56,2646.75,
Tick,2024-10-13 22:03:21.080000+00:00,2645.6,2646.78,
Tick,2024-10-13 22:03:21.083000+00:00,,2646.76,
Tick,2024-10-13 22:03:21.185000+00:00,2645.74,2646.9,
Tick,2024-10-13 22:03:21.235000+00:00,2645.62,2646.82,
Tick,2024-10-13 22:03:21.259000+00:00,2645.65,2646.85,
Tick,2024-10-13 22:03:21.287000+00:00,2645.74,2646.94,
Tick,2024-10-13 22:03:21.331000+00:00,2645.7,2646.9,
Tick,2024-10-13 22:03:21.359000+00:00,2645.74,2646.94,
Tick,2024-10-13 22:03:21.458000+00:00,2645.75,2646.95,
Tick,2024-10-13 22:03:21.559000+00:00,2645.76,2646.96,
Tick,2024-10-13 22:03:21.686000+00:00,2645.82,2647.02,
Tick,2024-10-13 22:03:21.695000+00:00,2645.88,2647.07,
Tick,2024-10-13 22:03:21.744000+00:00,2645.83,2647.02,
Tick,2024-10-13 22:03:21.759000+00:00,2645.94,2647.13,
Tick,2024-10-13 22:03:21.787000+00:00,2646,2647.19,
Tick,2024-10-13 22:03:21.861000+00:00,2645.98,2647.17,
Tick,2024-10-13 22:03:21.893000+00:00,2645.95,2647.14,
Tick,2024-10-13 22:03:21.989000+00:00,2645.93,2647.08,
Tick,2024-10-13 22:03:22.114000+00:00,2645.97,2647.12,
Tick,2024-10-13 22:03:22.215000+00:00,2645.94,2647.08,
Tick,2024-10-13 22:03:22.609000+00:00,2646,2647.15,
Tick,2024-10-13 22:03:22.620000+00:00,2645.97,2647.12,
Tick,2024-10-13 22:03:22.629000+00:00,2645.94,2647.09,
Tick,2024-10-13 22:03:22.720000+00:00,2646.14,2647.3,
Tick,2024-10-13 22:03:22.918000+00:00,2646.08,2647.23,
Tick,2024-10-13 22:03:23.019000+00:00,2646.15,2647.3,
Tick,2024-10-13 22:03:23.060000+00:00,2646.08,2647.23,
Tick,2024-10-13 22:03:23.067000+00:00,2646.11,2647.26,
Tick,2024-10-13 22:03:23.087000+00:00,2646.12,2647.27,
Tick,2024-10-13 22:03:23.226000+00:00,2646.17,2647.04,
Tick,2024-10-13 22:03:23.260000+00:00,,2647.07,
Tick,2024-10-13 22:03:23.359000+00:00,2646.21,2647,
Tick,2024-10-13 22:03:23.607000+00:00,2646.22,2647.03,
Tick,2024-10-13 22:03:23.660000+00:00,2646.2,2647.07,
Tick,2024-10-13 22:03:23.763000+00:00,2646.22,2647.06,
Tick,2024-10-13 22:03:23.980000+00:00,2646.26,2647.09,
Tick,2024-10-13 22:03:24.231000+00:00,2646.3,2647.08,
Tick,2024-10-13 22:03:24.261000+00:00,2646.33,2647.13,
Tick,2024-10-13 22:03:24.360000+00:00,2646.43,,
Tick,2024-10-13 22:03:24.461000+00:00,2646.38,2647.14,
Tick,2024-10-13 22:03:24.660000+00:00,2646.42,2647.3,
Tick,2024-10-13 22:03:24.675000+00:00,2646.41,2647.32,
Tick,2024-10-13 22:03:24.746000+00:00,2646.39,2647.33,
Tick,2024-10-13 22:03:24.761000+00:00,2646.44,2647.38,
Tick,2024-10-13 22:03:24.861000+00:00,2646.5,2647.33,
Tick,2024-10-13 22:03:24.917000+00:00,2646.59,2647.37,
Tick,2024-10-13 22:03:24.928000+00:00,,2647.4,
Tick,2024-10-13 22:03:24.936000+00:00,2646.6,2647.41,
Tick,2024-10-13 22:03:24.961000+00:00,2646.7,2647.78,
Tick,2024-10-13 22:03:25.023000+00:00,2646.72,,
Tick,2024-10-13 22:03:25.089000+00:00,2646.8,2647.8,
Tick,2024-10-13 22:03:25.109000+00:00,2646.81,2647.85,
Tick,2024-10-13 22:03:25.126000+00:00,2646.96,2648.01,
Tick,2024-10-13 22:03:25.160000+00:00,2647.01,2648.04,
Tick,2024-10-13 22:03:25.168000+00:00,2646.97,2648,
Tick,2024-10-13 22:03:25.170000+00:00,2647.01,2647.91,
Tick,2024-10-13 22:03:25.189000+00:00,2646.95,,
Tick,2024-10-13 22:03:25.279000+00:00,,2647.88,
Tick,2024-10-13 22:03:25.289000+00:00,2646.93,,
Tick,2024-10-13 22:03:25.300000+00:00,2646.95,2647.89,
Tick,2024-10-13 22:03:25.319000+00:00,2646.94,2647.88,
Tick,2024-10-13 22:03:25.361000+00:00,2646.99,2647.92,
Tick,2024-10-13 22:03:25.462000+00:00,2646.94,2647.9,
Tick,2024-10-13 22:03:25.562000+00:00,2646.93,2647.89,
Tick,2024-10-13 22:03:26.163000+00:00,2646.65,2647.63,
Tick,2024-10-13 22:03:26.225000+00:00,2646.55,2647.67,
Tick,2024-10-13 22:03:26.325000+00:00,,2647.59,
Tick,2024-10-13 22:03:26.422000+00:00,2646.56,2647.58,
Tick,2024-10-13 22:03:26.433000+00:00,2646.52,2647.54,
Tick,2024-10-13 22:03:26.443000+00:00,2646.5,2647.51,
Tick,2024-10-13 22:03:26.717000+00:00,2646.51,2647.4,
Tick,2024-10-13 22:03:26.764000+00:00,2646.48,2647.57,
Tick,2024-10-13 22:03:26.778000+00:00,2646.72,2647.84,
Tick,2024-10-13 22:03:26.826000+00:00,2646.93,2648.09,
Tick,2024-10-13 22:03:26.828000+00:00,2646.88,2648.01,
Tick,2024-10-13 22:03:26.863000+00:00,2646.97,2648.1,
Tick,2024-10-13 22:03:26.926000+00:00,2647.04,2647.88,
Tick,2024-10-13 22:03:26.962000+00:00,2646.71,2647.67,
Tick,2024-10-13 22:03:26.964000+00:00,2646.52,2647.48,
Tick,2024-10-13 22:03:27.003000+00:00,2646.47,2647.61,
Tick,2024-10-13 22:03:27.034000+00:00,2646.56,2647.68,
Tick,2024-10-13 22:03:27.062000+00:00,2646.6,2647.67,
Tick,2024-10-13 22:03:27.068000+00:00,2646.62,2647.69,
Tick,2024-10-13 22:03:27.126000+00:00,2646.7,2647.7,
Tick,2024-10-13 22:03:27.142000+00:00,2646.71,2647.71,
Tick,2024-10-13 22:03:28.234000+00:00,,2647.65,
Tick,2024-10-13 22:03:28.553000+00:00,2646.74,2647.66,
Tick,2024-10-13 22:03:29.312000+00:00,2646.72,2647.64,
Tick,2024-10-13 22:03:29.412000+00:00,2646.74,2647.74,
Tick,2024-10-13 22:03:29.434000+00:00,2646.84,2647.71,
Tick,2024-10-13 22:03:29.965000+00:00,2646.85,,
Tick,2024-10-13 22:03:30.166000+00:00,2646.88,,
Tick,2024-10-13 22:03:31.555000+00:00,2646.99,2647.66,
Tick,2024-10-13 22:03:31.566000+00:00,2646.97,2647.62,
Tick,2024-10-13 22:03:31.567000+00:00,2646.73,2647.8,
Tick,2024-10-13 22:03:31.576000+00:00,2646.46,2647.53,
Tick,2024-10-13 22:03:31.585000+00:00,2646.34,2647.47,
Tick,2024-10-13 22:03:31.638000+00:00,2646.07,2647.2,
Tick,2024-10-13 22:03:31.656000+00:00,2645.84,2646.98,
Tick,2024-10-13 22:03:31.666000+00:00,2645.72,2646.86,
Tick,2024-10-13 22:03:31.742000+00:00,2645.91,2646.68,
Tick,2024-10-13 22:03:31.840000+00:00,2645.92,2646.75,
Tick,2024-10-13 22:03:32.219000+00:00,2645.85,2646.81,
Tick,2024-10-13 22:03:32.268000+00:00,2645.83,2646.79,
Tick,2024-10-13 22:03:32.340000+00:00,2645.8,2646.55,
Tick,2024-10-13 22:03:32.368000+00:00,2645.5,2646.31,
Tick,2024-10-13 22:03:32.373000+00:00,2645.46,2646.11,
Tick,2024-10-13 22:03:32.384000+00:00,2645.44,,
Tick,2024-10-13 22:03:32.440000+00:00,2644.99,2646.01,
Tick,2024-10-13 22:03:32.453000+00:00,2644.93,2645.92,
Tick,2024-10-13 22:03:32.467000+00:00,2644.82,2645.78,
Tick,2024-10-13 22:03:32.538000+00:00,2644.75,2645.67,
Tick,2024-10-13 22:03:32.638000+00:00,2644.77,2645.72,
Tick,2024-10-13 22:03:32.667000+00:00,,2645.76,
Tick,2024-10-13 22:03:32.739000+00:00,2644.89,2645.92,
Tick,2024-10-13 22:03:32.748000+00:00,2644.85,2645.88,
Tick,2024-10-13 22:03:32.827000+00:00,2644.91,2645.86,
Tick,2024-10-13 22:03:32.868000+00:00,2644.87,2645.9,
Tick,2024-10-13 22:03:32.967000+00:00,2644.94,2645.93,
Tick,2024-10-13 22:03:33.068000+00:00,2644.98,2646.03,
Tick,2024-10-13 22:03:33.106000+00:00,2645.08,2646.2,
Tick,2024-10-13 22:03:33.140000+00:00,2645.11,2646.23,
Tick,2024-10-13 22:03:33.167000+00:00,2645.23,2646.28,
Tick,2024-10-13 22:03:33.262000+00:00,2645.39,2646.35,
Tick,2024-10-13 22:03:33.268000+00:00,2645.59,2646.69,
Tick,2024-10-13 22:03:33.315000+00:00,2645.71,2646.8,
Tick,2024-10-13 22:03:33.340000+00:00,2645.78,2646.85,
Tick,2024-10-13 22:03:33.369000+00:00,2645.81,,
Tick,2024-10-13 22:03:33.406000+00:00,2645.83,2646.95,
Tick,2024-10-13 22:03:33.455000+00:00,2646.06,2647.05,
Tick,2024-10-13 22:03:33.467000+00:00,2646.15,2647.09,
Tick,2024-10-13 22:03:33.541000+00:00,2646.09,2647.12,
Tick,2024-10-13 22:03:33.569000+00:00,2646.06,2647.06,
Tick,2024-10-13 22:03:33.668000+00:00,2646.14,2647.01,
Tick,2024-10-13 22:03:33.768000+00:00,2646.15,2646.98,
Tick,2024-10-13 22:03:34.122000+00:00,2646.09,2647.22,
Tick,2024-10-13 22:03:34.141000+00:00,2646.29,2646.98,
Tick,2024-10-13 22:03:34.168000+00:00,2646.43,2647.39,
Tick,2024-10-13 22:03:34.172000+00:00,2646.61,2647.75,
Tick,2024-10-13 22:03:34.199000+00:00,2646.98,2647.92,
Tick,2024-10-13 22:03:34.220000+00:00,2647.05,2647.89,
Tick,2024-10-13 22:03:34.242000+00:00,2647.19,2648.3,
Tick,2024-10-13 22:03:34.250000+00:00,2647.21,2648.33,
Tick,2024-10-13 22:03:34.268000+00:00,2647.53,2648.55,
Tick,2024-10-13 22:03:34.340000+00:00,2647.6,2648.62,
Tick,2024-10-13 22:03:34.490000+00:00,,2648.72,
Tick,2024-10-13 22:03:34.569000+00:00,2647.62,2648.74,
Tick,2024-10-13 22:03:34.669000+00:00,2647.75,2648.88,
Tick,2024-10-13 22:03:34.749000+00:00,2647.78,2648.91,
Tick,2024-10-13 22:03:34.769000+00:00,2647.81,2648.94,
Tick,2024-10-13 22:03:35.040000+00:00,2647.8,2648.93,
Tick,2024-10-13 22:03:35.070000+00:00,2647.54,2648.65,
Tick,2024-10-13 22:03:35.074000+00:00,2647.47,2648.58,
Tick,2024-10-13 22:03:35.091000+00:00,2647.3,2648.42,
Tick,2024-10-13 22:03:35.144000+00:00,2647.03,2648.15,
Tick,2024-10-13 22:03:35.170000+00:00,2646.94,2647.7,
Tick,2024-10-13 22:03:35.193000+00:00,2646.86,2647.64,
Tick,2024-10-13 22:03:35.233000+00:00,2647,2647.72,
Tick,2024-10-13 22:03:35.244000+00:00,2647.28,2647.98,
Tick,2024-10-13 22:03:35.252000+00:00,2647.47,2648.13,
Tick,2024-10-13 22:03:35.262000+00:00,2647.4,2648.15,
Tick,2024-10-13 22:03:35.270000+00:00,2647.38,2648.47,
Tick,2024-10-13 22:03:35.327000+00:00,2647.52,2648.63,
Tick,2024-10-13 22:03:35.367000+00:00,2647.57,2648.52,
Tick,2024-10-13 22:03:35.407000+00:00,2647.63,2648.58,
Tick,2024-10-13 22:03:35.444000+00:00,2647.61,2648.51,
Tick,2024-10-13 22:03:35.472000+00:00,2647.59,2648.59,
Tick,2024-10-13 22:03:35.569000+00:00,2647.66,2648.54,
Tick,2024-10-13 22:03:35.670000+00:00,2647.72,,
Tick,2024-10-13 22:03:36.016000+00:00,2647.74,2648.45,
Tick,2024-10-13 22:03:36.043000+00:00,2647.46,2648.2,
Tick,2024-10-13 22:03:36.045000+00:00,2647.18,2647.93,
Tick,2024-10-13 22:03:36.056000+00:00,2647.15,2647.9,
Tick,2024-10-13 22:03:36.070000+00:00,2646.98,2647.68,
Tick,2024-10-13 22:03:36.127000+00:00,2647.02,2647.67,
Tick,2024-10-13 22:03:36.138000+00:00,2647,2647.65,
Tick,2024-10-13 22:03:36.170000+00:00,2646.75,2647.78,
Tick,2024-10-13 22:03:36.218000+00:00,2646.73,2647.83,
Tick,2024-10-13 22:03:36.267000+00:00,2646.76,,
Tick,2024-10-13 22:03:36.698000+00:00,2646.77,2647.85,
Tick,2024-10-13 22:03:36.745000+00:00,2646.75,2647.88,
Tick,2024-10-13 22:03:36.748000+00:00,2646.68,2647.81,
Tick,2024-10-13 22:03:36.770000+00:00,2646.74,2647.86,
Tick,2024-10-13 22:03:36.799000+00:00,2646.86,2647.98,
Tick,2024-10-13 22:03:36.846000+00:00,2646.92,2648.04,
Tick,2024-10-13 22:03:36.849000+00:00,2647.02,2648.14,
Tick,2024-10-13 22:03:36.871000+00:00,2647.1,2648.21,
Tick,2024-10-13 22:03:36.945000+00:00,2647.11,2648.14,
Tick,2024-10-13 22:03:37.046000+00:00,2647.14,2648.15,
Tick,2024-10-13 22:03:37.246000+00:00,2647.12,2648.24,
Tick,2024-10-13 22:03:37.270000+00:00,2647.07,2648.17,
Tick,2024-10-13 22:03:37.346000+00:00,2647.14,2648.07,
Tick,2024-10-13 22:03:37.446000+00:00,2647.13,2648.03,
Tick,2024-10-13 22:03:37.456000+00:00,2646.92,2647.82,
Tick,2024-10-13 22:03:37.471000+00:00,2646.89,2647.75,
Tick,2024-10-13 22:03:37.571000+00:00,,2647.79,
Tick,2024-10-13 22:03:37.646000+00:00,2646.84,2647.81,
Tick,2024-10-13 22:03:37.691000+00:00,2646.91,2647.84,
Tick,2024-10-13 22:03:37.746000+00:00,2646.9,2647.86,
Tick,2024-10-13 22:03:37.771000+00:00,2646.91,,
Tick,2024-10-13 22:03:37.964000+00:00,2646.92,2648,
Tick,2024-10-13 22:03:37.971000+00:00,2647,2648.05,
Tick,2024-10-13 22:03:38.172000+00:00,2647.01,,
Tick,2024-10-13 22:03:38.247000+00:00,2647.04,2648.06,
Tick,2024-10-13 22:03:38.260000+00:00,2647.14,2648.16,
Tick,2024-10-13 22:03:38.273000+00:00,2647.17,2648.22,
Tick,2024-10-13 22:03:38.437000+00:00,2647.29,2648.32,
Tick,2024-10-13 22:03:38.472000+00:00,2647.27,2648.39,
Tick,2024-10-13 22:03:38.496000+00:00,2647.29,2648.41,
Tick,2024-10-13 22:03:38.547000+00:00,2647.31,2648.43,
Tick,2024-10-13 22:03:38.573000+00:00,2647.28,2648.39,
Tick,2024-10-13 22:03:38.672000+00:00,2647.31,,
Tick,2024-10-13 22:03:38.750000+00:00,2647.32,2648.44,
Tick,2024-10-13 22:03:38.849000+00:00,2647.34,,
Tick,2024-10-13 22:03:39.649000+00:00,2647.37,2648.38,
Tick,2024-10-13 22:03:39.673000+00:00,2647.38,2648.39,
Tick,2024-10-13 22:03:39.749000+00:00,2647.35,2648.47,
Tick,2024-10-13 22:03:39.849000+00:00,2647.36,2648.43,
Tick,2024-10-13 22:03:39.951000+00:00,2647.38,2648.42,
Tick,2024-10-13 22:03:39.976000+00:00,2647.39,2648.43,
Tick,2024-10-13 22:03:40.167000+00:00,,2648.41,
Tick,2024-10-13 22:03:40.450000+00:00,2647.41,2648.42,
Tick,2024-10-13 22:03:40.674000+00:00,,2648.48,
Tick,2024-10-13 22:03:40.679000+00:00,2647.54,2648.62,
Tick,2024-10-13 22:03:40.731000+00:00,2647.58,2648.7,
Tick,2024-10-13 22:03:40.750000+00:00,2647.75,2648.88,
Tick,2024-10-13 22:03:40.773000+00:00,2647.76,2648.89,
Tick,2024-10-13 22:03:40.780000+00:00,2647.81,2648.9,
Tick,2024-10-13 22:03:41.553000+00:00,2647.67,2648.74,
Tick,2024-10-13 22:03:41.575000+00:00,2647.63,2648.75,
Tick,2024-10-13 22:03:41.578000+00:00,2647.62,2648.74,
Tick,2024-10-13 22:03:41.753000+00:00,2647.64,,
Tick,2024-10-13 22:03:42+00:00,,2648.76,
Tick,2024-10-13 22:03:42.053000+00:00,2647.71,2648.8,
Tick,2024-10-13 22:03:42.175000+00:00,2647.78,2648.75,
Tick,2024-10-13 22:03:42.275000+00:00,2647.79,2648.76,
Tick,2024-10-13 22:03:42.475000+00:00,2647.8,,
Tick,2024-10-13 22:03:42.530000+00:00,2647.85,2648.81,
Tick,2024-10-13 22:03:42.997000+00:00,2647.86,2648.86,
Tick,2024-10-13 22:03:43.055000+00:00,2647.97,2648.92,
Tick,2024-10-13 22:03:43.270000+00:00,2647.85,2648.86,
Tick,2024-10-13 22:03:43.276000+00:00,2647.86,2648.88,
Tick,2024-10-13 22:03:43.363000+00:00,2648.09,2648.94,
Tick,2024-10-13 22:03:43.376000+00:00,2648.22,2649.34,
Tick,2024-10-13 22:03:43.416000+00:00,2648.49,2649.61,
Tick,2024-10-13 22:03:43.455000+00:00,2648.59,2649.66,
Tick,2024-10-13 22:03:43.475000+00:00,2648.63,2649.54,
Tick,2024-10-13 22:03:43.647000+00:00,2648.7,2649.5,
Tick,2024-10-13 22:03:43.676000+00:00,2648.66,2649.6,
Tick,2024-10-13 22:03:43.703000+00:00,2648.62,2649.58,
Tick,2024-10-13 22:03:43.757000+00:00,2648.61,2649.54,
Tick,2024-10-13 22:03:43.777000+00:00,2648.62,2649.5,
Tick,2024-10-13 22:03:43.876000+00:00,2648.63,2649.48,
Tick,2024-10-13 22:03:44.055000+00:00,2648.62,2649.47,
Tick,2024-10-13 22:03:44.080000+00:00,2648.61,2649.43,
Tick,2024-10-13 22:03:44.158000+00:00,2648.59,2649.4,
Tick,2024-10-13 22:03:44.177000+00:00,2648.58,2649.33,
Tick,2024-10-13 22:03:44.460000+00:00,2648.41,2649.26,
Tick,2024-10-13 22:03:44.476000+00:00,2648.32,2649.21,
Tick,2024-10-13 22:03:44.577000+00:00,2648.31,2649.31,
Tick,2024-10-13 22:03:44.660000+00:00,2648.36,2649.29,
Tick,2024-10-13 22:03:44.678000+00:00,2648.42,2649.32,
Tick,2024-10-13 22:03:44.762000+00:00,2648.47,2649.34,
Tick,2024-10-13 22:03:45.041000+00:00,2648.46,2649.29,
Tick,2024-10-13 22:03:45.078000+00:00,2648.39,2649.23,
Tick,2024-10-13 22:03:45.092000+00:00,2648.24,2649.08,
Tick,2024-10-13 22:03:45.143000+00:00,2648.23,2649.05,
Tick,2024-10-13 22:03:45.963000+00:00,2648.06,2649.1,
Tick,2024-10-13 22:03:45.979000+00:00,,2649.09,
Tick,2024-10-13 22:03:46.079000+00:00,2648.08,2649.08,
Tick,2024-10-13 22:03:46.169000+00:00,2648.07,2649.1,
Tick,2024-10-13 22:03:46.179000+00:00,2648.13,2649.25,
Tick,2024-10-13 22:03:46.266000+00:00,2648.22,2649.29,
Tick,2024-10-13 22:03:46.278000+00:00,2648.27,,
Tick,2024-10-13 22:03:47.679000+00:00,2648.31,2649.31,
Tick,2024-10-13 22:03:47.780000+00:00,2648.19,2649.22,
Tick,2024-10-13 22:03:47.825000+00:00,2648.16,,
Tick,2024-10-13 22:03:47.869000+00:00,2648.15,2649.18,
Tick,2024-10-13 22:03:47.880000+00:00,2648.02,2649.06,
Tick,2024-10-13 22:03:47.927000+00:00,2648.07,2649.11,
Tick,2024-10-13 22:03:47.971000+00:00,2648.02,2649.06,
Tick,2024-10-13 22:03:47.977000+00:00,2648,2649.04,
Tick,2024-10-13 22:03:47.981000+00:00,2648.01,2648.98,
Tick,2024-10-13 22:03:48.373000+00:00,2647.93,2648.93,
Tick,2024-10-13 22:03:48.425000+00:00,2647.89,2648.9,
Tick,2024-10-13 22:03:48.480000+00:00,2647.82,2648.81,
Tick,2024-10-13 22:03:48.491000+00:00,2647.85,2648.83,
Tick,2024-10-13 22:03:48.560000+00:00,2647.82,2648.81,
Tick,2024-10-13 22:03:49.376000+00:00,2647.81,2648.79,
Tick,2024-10-13 22:03:49.445000+00:00,2647.85,2648.85,
Tick,2024-10-13 22:03:49.481000+00:00,2647.98,2649.12,
Tick,2024-10-13 22:03:49.496000+00:00,2648,2649.14,
Tick,2024-10-13 22:03:49.546000+00:00,2648.14,2649.27,
Tick,2024-10-13 22:03:49.578000+00:00,2648.21,2649.33,
Tick,2024-10-13 22:03:49.583000+00:00,2648.24,2649.36,
Tick,2024-10-13 22:03:49.681000+00:00,2648.35,,
Tick,2024-10-13 22:03:49.782000+00:00,2648.31,2649.42,
Tick,2024-10-13 22:03:49.882000+00:00,2648.3,2649.36,
Tick,2024-10-13 22:03:50.478000+00:00,2648.29,2649.31,
Tick,2024-10-13 22:03:50.483000+00:00,2648.28,2649.23,
Tick,2024-10-13 22:03:50.577000+00:00,2648.29,2649.2,
Tick,2024-10-13 22:03:50.779000+00:00,2648.28,2649.23,
Tick,2024-10-13 22:03:50.783000+00:00,2648.27,2649.22,
Tick,2024-10-13 22:03:51.983000+00:00,2648.3,2649.35,
Tick,2024-10-13 22:03:51.994000+00:00,2648.42,2649.38,
Tick,2024-10-13 22:03:52.056000+00:00,2648.54,2649.45,
Tick,2024-10-13 22:03:52.084000+00:00,2648.62,2649.58,
Tick,2024-10-13 22:03:52.128000+00:00,2648.59,2649.64,
Tick,2024-10-13 22:03:52.184000+00:00,2648.6,2649.68,
Tick,2024-10-13 22:03:52.284000+00:00,2648.61,,
Tick,2024-10-13 22:03:52.484000+00:00,2648.59,,
Tick,2024-10-13 22:03:52.584000+00:00,2648.58,2649.67,
Tick,2024-10-13 22:03:53.055000+00:00,2648.62,2649.74,
Tick,2024-10-13 22:03:53.085000+00:00,2648.91,2649.71,
Tick,2024-10-13 22:03:53.183000+00:00,,2649.74,
Tick,2024-10-13 22:03:53.486000+00:00,2648.92,,
Tick,2024-10-13 22:03:53.785000+00:00,2648.87,2649.95,
Tick,2024-10-13 22:03:53.840000+00:00,2649.07,2650.12,
Tick,2024-10-13 22:03:53.882000+00:00,2649.27,2650.3,
Tick,2024-10-13 22:03:53.886000+00:00,2649.37,2650.21,
Tick,2024-10-13 22:03:53.911000+00:00,2649.4,2650.24,
Tick,2024-10-13 22:03:53.952000+00:00,2649.37,2650.21,
Tick,2024-10-13 22:03:53.981000+00:00,2649.41,2650.22,
Tick,2024-10-13 22:03:54.083000+00:00,2649.37,2650.29,
Tick,2024-10-13 22:03:54.087000+00:00,2649.36,2650.27,
Tick,2024-10-13 22:03:54.184000+00:00,2649.39,2650.25,
Tick,2024-10-13 22:03:54.385000+00:00,2649.42,,
Tick,2024-10-13 22:03:54.686000+00:00,2649.44,2650.26,
Tick,2024-10-13 22:03:55.086000+00:00,2649.21,2650,
Tick,2024-10-13 22:03:55.086000+00:00,2649.16,2649.95,
Tick,2024-10-13 22:03:55.152000+00:00,2649.13,2650.05,
Tick,2024-10-13 22:03:55.185000+00:00,2649.18,2650.03,
Tick,2024-10-13 22:03:55.286000+00:00,2649.15,2650.07,
Tick,2024-10-13 22:03:55.385000+00:00,,2650.08,
Tick,2024-10-13 22:03:55.576000+00:00,2649.19,2650.19,
Tick,2024-10-13 22:03:55.587000+00:00,2649.45,2650.46,
Tick,2024-10-13 22:03:55.592000+00:00,2649.57,2650.55,
Tick,2024-10-13 22:03:55.627000+00:00,2649.47,2650.61,
Tick,2024-10-13 22:03:55.656000+00:00,2649.66,2650.66,
Tick,2024-10-13 22:03:55.677000+00:00,2649.65,2650.61,
Tick,2024-10-13 22:03:55.687000+00:00,2649.75,2650.57,
Tick,2024-10-13 22:03:55.788000+00:00,2649.77,2650.65,
Tick,2024-10-13 22:03:55.789000+00:00,2649.73,,
Tick,2024-10-13 22:03:55.887000+00:00,2649.62,2650.61,
Tick,2024-10-13 22:03:56.187000+00:00,2649.63,2650.54,
Tick,2024-10-13 22:03:56.887000+00:00,2649.45,2650.26,
Tick,2024-10-13 22:03:57.001000+00:00,2649.27,2650.18,
Tick,2024-10-13 22:03:57.089000+00:00,2649.26,2650.06,
Tick,2024-10-13 22:03:57.346000+00:00,2649.2,2650.04,
Tick,2024-10-13 22:03:57.420000+00:00,2649.23,2650.1,
Tick,2024-10-13 22:03:57.439000+00:00,2649.28,,
Tick,2024-10-13 22:03:57.460000+00:00,2649.29,2650.11,
Tick,2024-10-13 22:03:57.488000+00:00,2649.3,,
Tick,2024-10-13 22:03:57.888000+00:00,2649.32,2650.23,
Tick,2024-10-13 22:03:57.911000+00:00,2649.34,2650.29,
Tick,2024-10-13 22:03:57.991000+00:00,2649.35,2650.33,
Tick,2024-10-13 22:03:58.101000+00:00,2649.34,2650.37,
Tick,2024-10-13 22:03:59.498000+00:00,,2650.33,
Tick,2024-10-13 22:03:59.889000+00:00,2649.29,2650.39,
Tick,2024-10-13 22:03:59.989000+00:00,2649.39,2650.32,
Tick,2024-10-13 22:03:59.998000+00:00,2649.48,2650.35,
Tick,2024-10-13 22:04:00.002000+00:00,2649.46,2650.33,
Tick,2024-10-13 22:04:00.012000+00:00,2649.43,2650.3,
Tick,2024-10-13 22:04:00.064000+00:00,2649.39,2650.33,
Tick,2024-10-13 22:04:00.090000+00:00,2649.37,2650.31,
Tick,2024-10-13 22:04:00.105000+00:00,2649.39,2650.36,
Tick,2024-10-13 22:04:00.196000+00:00,2649.36,2650.33,
Tick,2024-10-13 22:04:00.290000+00:00,2649.38,2650.26,
Tick,2024-10-13 22:04:00.786000+00:00,,2650.28,
Tick,2024-10-13 22:04:02.006000+00:00,2649.27,2650.22,
Tick,2024-10-13 22:04:02.015000+00:00,2649.14,2650.16,
Tick,2024-10-13 22:04:02.091000+00:00,2649.11,2650.01,
Tick,2024-10-13 22:04:02.106000+00:00,2649.1,2650,
Tick,2024-10-13 22:04:02.116000+00:00,2649.08,2649.98,
Tick,2024-10-13 22:04:02.135000+00:00,2649.05,2649.91,
Tick,2024-10-13 22:04:02.191000+00:00,2649,2649.89,
Tick,2024-10-13 22:04:02.196000+00:00,2648.94,2649.83,
Tick,2024-10-13 22:04:02.206000+00:00,2648.98,2649.87,
Tick,2024-10-13 22:04:02.295000+00:00,2648.96,2649.9,
Tick,2024-10-13 22:04:02.345000+00:00,,2649.88,
Tick,2024-10-13 22:04:02.395000+00:00,2648.8,2649.73,
Tick,2024-10-13 22:04:02.528000+00:00,,2649.75,
Tick,2024-10-13 22:04:03.213000+00:00,2648.84,2649.79,
Tick,2024-10-13 22:04:03.263000+00:00,2648.74,2649.66,
Tick,2024-10-13 22:04:03.322000+00:00,,2649.62,
Tick,2024-10-13 22:04:03.373000+00:00,2648.69,2649.6,
Tick,2024-10-13 22:04:03.392000+00:00,2648.64,2649.51,
Tick,2024-10-13 22:04:03.412000+00:00,2648.62,,
Tick,2024-10-13 22:04:03.424000+00:00,2648.5,2649.38,
Tick,2024-10-13 22:04:03.473000+00:00,2648.53,2649.33,
Tick,2024-10-13 22:04:03.492000+00:00,2648.38,2649.19,
Tick,2024-10-13 22:04:03.526000+00:00,2648.35,2649.17,
Tick,2024-10-13 22:04:03.571000+00:00,2648.36,2649.18,
Tick,2024-10-13 22:04:04.475000+00:00,2648.31,2649.15,
Tick,2024-10-13 22:04:04.493000+00:00,2648.24,2649.19,
Tick,2024-10-13 22:04:04.513000+00:00,2648.17,2649.08,
Tick,2024-10-13 22:04:04.515000+00:00,2648.15,2649.05,
Tick,2024-10-13 22:04:04.592000+00:00,,2648.95,
Tick,2024-10-13 22:04:04.675000+00:00,2648.14,2648.94,
Tick,2024-10-13 22:04:04.836000+00:00,2648.23,2648.95,
Tick,2024-10-13 22:04:04.880000+00:00,2648.17,2649.02,
Tick,2024-10-13 22:04:04.893000+00:00,2648.32,2649.22,
Tick,2024-10-13 22:04:04.930000+00:00,2648.3,2649.27,
Tick,2024-10-13 22:04:05.054000+00:00,2648.32,2649.29,
Tick,2024-10-13 22:04:05.093000+00:00,2648.35,2649.27,
Tick,2024-10-13 22:04:05.394000+00:00,2648.37,,
Tick,2024-10-13 22:04:05.636000+00:00,,2649.34,
Tick,2024-10-13 22:04:05.687000+00:00,2648.5,2649.44,
Tick,2024-10-13 22:04:05.695000+00:00,2648.57,2649.55,
Tick,2024-10-13 22:04:05.714000+00:00,2648.62,,
Tick,2024-10-13 22:04:05.795000+00:00,2648.67,,
Tick,2024-10-13 22:04:05.895000+00:00,2648.69,2649.54,
Tick,2024-10-13 22:04:05.994000+00:00,2648.55,2649.58,
Tick,2024-10-13 22:04:06.095000+00:00,2648.41,2649.27,
Tick,2024-10-13 22:04:06.194000+00:00,2648.32,,
Tick,2024-10-13 22:04:06.395000+00:00,2648.3,2649.25,
Tick,2024-10-13 22:04:06.396000+00:00,2648.28,2649.23,
Tick,2024-10-13 22:04:06.494000+00:00,2648.23,2649.1,
Tick,2024-10-13 22:04:07.214000+00:00,2648.16,,
Tick,2024-10-13 22:04:07.263000+00:00,2648.19,2649.15,
Tick,2024-10-13 22:04:07.295000+00:00,2648.26,2649.17,
Tick,2024-10-13 22:04:07.323000+00:00,2648.27,2649.11,
Tick,2024-10-13 22:04:07.425000+00:00,2648.3,,
Tick,2024-10-13 22:04:08.231000+00:00,2648.25,2649.37,
Tick,2024-10-13 22:04:08.243000+00:00,2648.3,2649.42,
Tick,2024-10-13 22:04:08.295000+00:00,2648.36,2649.39,
Tick,2024-10-13 22:04:08.495000+00:00,2648.38,2649.4,
Tick,2024-10-13 22:04:09.137000+00:00,2648.37,2649.32,
Tick,2024-10-13 22:04:09.196000+00:00,2648.33,2649.27,
Tick,2024-10-13 22:04:09.397000+00:00,2648.31,2649.3,
Tick,2024-10-13 22:04:10.397000+00:00,2648.27,,
Tick,2024-10-13 22:04:10.412000+00:00,2648.31,2649.32,
Tick,2024-10-13 22:04:10.441000+00:00,2648.3,2649.33,
Tick,2024-10-13 22:04:10.471000+00:00,2648.31,2649.35,
Tick,2024-10-13 22:04:10.532000+00:00,2648.34,2649.4,
Tick,2024-10-13 22:04:10.798000+00:00,2648.35,2649.42,
Tick,2024-10-13 22:04:10.835000+00:00,2648.51,,
Tick,2024-10-13 22:04:10.841000+00:00,2648.5,2649.46,
Tick,2024-10-13 22:04:10.898000+00:00,2648.21,2649.22,
Tick,2024-10-13 22:04:10.930000+00:00,2648.17,2649.15,
Tick,2024-10-13 22:04:10.997000+00:00,,2649.14,
Tick,2024-10-13 22:04:11.100000+00:00,2648.16,2649.13,
Tick,2024-10-13 22:04:12.297000+00:00,2648.2,,
Tick,2024-10-13 22:04:12.457000+00:00,2648.19,2649.12,
Tick,2024-10-13 22:04:12.498000+00:00,2648.22,2649.08,
Tick,2024-10-13 22:04:12.699000+00:00,2648.16,2649.11,
Tick,2024-10-13 22:04:12.799000+00:00,2648.18,2649.05,
Tick,2024-10-13 22:04:12.869000+00:00,2648.19,2649.06,
Tick,2024-10-13 22:04:13+00:00,2648.18,2649.1,
Tick,2024-10-13 22:04:13.095000+00:00,,2649.14,
Tick,2024-10-13 22:04:14.067000+00:00,2648.2,2649.25,
Tick,2024-10-13 22:04:14.100000+00:00,2648.26,2649.19,
Tick,2024-10-13 22:04:14.127000+00:00,2648.3,2649.22,
Tick,2024-10-13 22:04:14.147000+00:00,2648.32,2649.21,
Tick,2024-10-13 22:04:14.178000+00:00,2648.33,2649.2,
Tick,2024-10-13 22:04:14.199000+00:00,2648.32,2649.19,
Tick,2024-10-13 22:04:14.723000+00:00,,2649.18,
Tick,2024-10-13 22:04:14.774000+00:00,2648.26,,
Tick,2024-10-13 22:04:14.833000+00:00,2648.25,2649.21,
Tick,2024-10-13 22:04:14.934000+00:00,,2649.26,
Tick,2024-10-13 22:04:16.088000+00:00,2648.29,2649.25,
Tick,2024-10-13 22:04:16.261000+00:00,,2649.22,
Tick,2024-10-13 22:04:16.635000+00:00,2648.31,2649.24,
Tick,2024-10-13 22:04:16.703000+00:00,,2649.26,
Tick,2024-10-13 22:04:16.759000+00:00,2648.41,2649.33,
Tick,2024-10-13 22:04:16.802000+00:00,2648.42,2649.32,
Tick,2024-10-13 22:04:16.852000+00:00,2648.48,2649.33,
Tick,2024-10-13 22:04:16.902000+00:00,2648.5,,
Tick,2024-10-13 22:04:17.053000+00:00,2648.4,2649.36,
Tick,2024-10-13 22:04:17.087000+00:00,2648.42,2649.3,
Tick,2024-10-13 22:04:17.103000+00:00,2648.15,2649.02,
Tick,2024-10-13 22:04:17.137000+00:00,2648.02,2648.93,
Tick,2024-10-13 22:04:17.177000+00:00,2648,2648.92,
Tick,2024-10-13 22:04:17.717000+00:00,2648.05,2648.77,
Tick,2024-10-13 22:04:17.803000+00:00,2647.7,2648.59,
Tick,2024-10-13 22:04:17.858000+00:00,2647.56,,
Tick,2024-10-13 22:04:18.098000+00:00,2647.44,2648.5,
Tick,2024-10-13 22:04:18.103000+00:00,,2648.49,
Tick,2024-10-13 22:04:18.839000+00:00,2647.52,2648.63,
Tick,2024-10-13 22:04:19.002000+00:00,2647.41,2648.52,
Tick,2024-10-13 22:04:19.104000+00:00,2647.4,2648.32,
Tick,2024-10-13 22:04:19.111000+00:00,2647.28,2648.2,
Tick,2024-10-13 22:04:19.203000+00:00,2647.35,2648.09,
Tick,2024-10-13 22:04:19.904000+00:00,2647.32,2648.12,
Tick,2024-10-13 22:04:20.020000+00:00,2647.28,2648.18,
Tick,2024-10-13 22:04:20.100000+00:00,2647.32,2648.17,
Tick,2024-10-13 22:04:20.105000+00:00,2647.23,2648.26,
Tick,2024-10-13 22:04:20.130000+00:00,2647.34,2648.46,
Tick,2024-10-13 22:04:20.165000+00:00,2647.61,2648.74,
Tick,2024-10-13 22:04:20.191000+00:00,2647.72,2648.85,
Tick,2024-10-13 22:04:20.205000+00:00,2647.79,2648.87,
Tick,2024-10-13 22:04:20.250000+00:00,2647.84,2648.9,
Tick,2024-10-13 22:04:20.261000+00:00,2647.88,2648.92,
Tick,2024-10-13 22:04:20.272000+00:00,2647.94,2648.89,
Tick,2024-10-13 22:04:20.282000+00:00,,2648.87,
Tick,2024-10-13 22:04:20.302000+00:00,2647.92,2648.73,
Tick,2024-10-13 22:04:20.305000+00:00,2647.81,2648.74,
Tick,2024-10-13 22:04:20.322000+00:00,2647.76,2648.78,
Tick,2024-10-13 22:04:20.370000+00:00,2647.58,2648.7,
Tick,2024-10-13 22:04:20.404000+00:00,,2648.53,
Tick,2024-10-13 22:04:20.603000+00:00,2647.54,2648.63,
Tick,2024-10-13 22:04:20.623000+00:00,2647.56,2648.68,
Tick,2024-10-13 22:04:20.671000+00:00,2647.62,2648.74,
Tick,2024-10-13 22:04:21.207000+00:00,2647.69,2648.82,
Tick,2024-10-13 22:04:21.247000+00:00,2647.73,2648.85,
Tick,2024-10-13 22:04:21.273000+00:00,2647.83,2648.91,
Tick,2024-10-13 22:04:21.305000+00:00,2647.92,2648.86,
Tick,2024-10-13 22:04:21.371000+00:00,2647.91,2648.91,
Tick,2024-10-13 22:04:21.405000+00:00,,2648.89,
Tick,2024-10-13 22:04:21.506000+00:00,2647.94,2648.9,
Tick,2024-10-13 22:04:22.363000+00:00,2647.99,2648.98,
Tick,2024-10-13 22:04:22.378000+00:00,2648.06,2649.05,
Tick,2024-10-13 22:04:22.408000+00:00,2648.2,2649.16,
Tick,2024-10-13 22:04:22.506000+00:00,2648.23,2649.11,
Tick,2024-10-13 22:04:22.607000+00:00,2648.21,2649.09,
Tick,2024-10-13 22:04:23.081000+00:00,2648.32,2649.14,
Tick,2024-10-13 22:04:23.108000+00:00,2648.31,2649.15,
Tick,2024-10-13 22:04:23.185000+00:00,2648.29,2649.25,
Tick,2024-10-13 22:04:23.230000+00:00,2648.21,,
Tick,2024-10-13 22:04:23.307000+00:00,2648.26,2649.2,
Tick,2024-10-13 22:04:23.407000+00:00,2648.28,2649.18,
Tick,2024-10-13 22:04:23.608000+00:00,2648.33,2649.36,
Tick,2024-10-13 22:04:23.635000+00:00,2648.49,2649.4,
Tick,2024-10-13 22:04:23.691000+00:00,2648.58,2649.39,
Tick,2024-10-13 22:04:23.695000+00:00,,2649.4,
Tick,2024-10-13 22:04:23.708000+00:00,2648.68,2649.44,
Tick,2024-10-13 22:04:23.788000+00:00,2648.7,,
Tick,2024-10-13 22:04:23.808000+00:00,2648.71,,
Tick,2024-10-13 22:04:24.193000+00:00,2648.82,2649.41,
Tick,2024-10-13 22:04:24.208000+00:00,2648.66,2649.7,
Tick,2024-10-13 22:04:24.246000+00:00,2648.81,2649.83,
Tick,2024-10-13 22:04:24.290000+00:00,2648.95,2650.07,
Tick,2024-10-13 22:04:24.307000+00:00,2649.1,2650.02,
Tick,2024-10-13 22:04:24.316000+00:00,2649.11,2650.03,
Tick,2024-10-13 22:04:24.326000+00:00,2649.1,2650.02,
Tick,2024-10-13 22:04:24.409000+00:00,2648.96,2649.86,
Tick,2024-10-13 22:04:24.435000+00:00,2648.98,2649.89,
Tick,2024-10-13 22:04:24.507000+00:00,2649.02,2649.92,
Tick,2024-10-13 22:04:24.858000+00:00,2648.92,2650.05,
Tick,2024-10-13 22:04:24.868000+00:00,2649.14,2650.01,
Tick,2024-10-13 22:04:24.889000+00:00,,2649.99,
Tick,2024-10-13 22:04:24.909000+00:00,2649.16,2650.01,
Tick,2024-10-13 22:04:24.990000+00:00,2649.26,2650.03,
Tick,2024-10-13 22:04:25.007000+00:00,2649.28,2650.05,
Tick,2024-10-13 22:04:25.209000+00:00,2649.22,2650.25,
Tick,2024-10-13 22:04:25.226000+00:00,2649.29,2650.32,
Tick,2024-10-13 22:04:25.293000+00:00,2649.34,2650.36,
Tick,2024-10-13 22:04:25.309000+00:00,2649.44,2650.39,
Tick,2024-10-13 22:04:25.508000+00:00,2649.45,2650.37,
Tick,2024-10-13 22:04:27.991000+00:00,2649.51,2650.43,
Tick,2024-10-13 22:04:28.008000+00:00,2649.57,2650.48,
Tick,2024-10-13 22:04:28.010000+00:00,2649.59,2650.5,
Tick,2024-10-13 22:04:28.015000+00:00,2649.66,2650.57,
Tick,2024-10-13 22:04:28.107000+00:00,2649.68,,
Tick,2024-10-13 22:04:28.110000+00:00,2649.71,2650.58,
Tick,2024-10-13 22:04:28.608000+00:00,2649.7,2650.57,
Tick,2024-10-13 22:04:28.909000+00:00,2649.65,,
Tick,2024-10-13 22:04:28.914000+00:00,2649.55,2650.46,
Tick,2024-10-13 22:04:28.928000+00:00,2649.58,2650.49,
Tick,2024-10-13 22:04:28.968000+00:00,,2650.46,
Tick,2024-10-13 22:04:29.264000+00:00,2649.57,,
Tick,2024-10-13 22:04:30.012000+00:00,2649.56,2650.45,
Tick,2024-10-13 22:04:31.349000+00:00,2649.55,2650.47,
Tick,2024-10-13 22:04:31.359000+00:00,2649.63,2650.51,
Tick,2024-10-13 22:04:31.513000+00:00,2649.67,,
Tick,2024-10-13 22:04:32.414000+00:00,2649.69,2650.52,
Tick,2024-10-13 22:04:33.087000+00:00,2649.67,2650.55,
Tick,2024-10-13 22:04:33.114000+00:00,2649.73,2650.54,
Tick,2024-10-13 22:04:33.116000+00:00,2649.74,2650.55,
Tick,2024-10-13 22:04:33.131000+00:00,2649.78,2650.63,
Tick,2024-10-13 22:04:33.229000+00:00,2649.83,2650.64,
Tick,2024-10-13 22:04:33.516000+00:00,2649.87,2650.61,
Tick,2024-10-13 22:04:33.533000+00:00,,2650.62,
Tick,2024-10-13 22:04:33.616000+00:00,2649.88,2650.63,
Tick,2024-10-13 22:04:33.918000+00:00,2649.89,2650.6,
Tick,2024-10-13 22:04:34.017000+00:00,2649.83,,
Tick,2024-10-13 22:04:34.217000+00:00,2649.79,2650.75,
Tick,2024-10-13 22:04:34.219000+00:00,2649.81,2650.77,
Tick,2024-10-13 22:04:34.309000+00:00,2649.87,2650.72,
Tick,2024-10-13 22:04:34.316000+00:00,2649.92,2650.77,
Tick,2024-10-13 22:04:34.416000+00:00,2650.01,2650.7,
Tick,2024-10-13 22:04:34.815000+00:00,2649.91,2650.65,
Tick,2024-10-13 22:04:34.916000+00:00,2649.83,2650.74,
Tick,2024-10-13 22:04:35.108000+00:00,2649.87,2650.76,
Tick,2024-10-13 22:04:38.519000+00:00,2649.93,2650.71,
Tick,2024-10-13 22:04:38.818000+00:00,2649.68,2650.47,
Tick,2024-10-13 22:04:38.861000+00:00,2649.65,,
Tick,2024-10-13 22:04:38.949000+00:00,2649.64,,
Tick,2024-10-13 22:04:39.061000+00:00,2649.65,2650.5,
Tick,2024-10-13 22:04:39.119000+00:00,2649.63,2650.62,
Tick,2024-10-13 22:04:39.148000+00:00,2649.67,2650.63,
Tick,2024-10-13 22:04:39.219000+00:00,2649.8,,
Tick,2024-10-13 22:04:39.720000+00:00,2649.83,2650.64,
Tick,2024-10-13 22:04:40.119000+00:00,2649.82,,
Tick,2024-10-13 22:04:40.220000+00:00,,2650.63,
Tick,2024-10-13 22:04:40.320000+00:00,2649.84,2650.65,
Tick,2024-10-13 22:04:40.324000+00:00,2649.87,2650.71,
Tick,2024-10-13 22:04:40.356000+00:00,2649.88,2650.72,
Tick,2024-10-13 22:04:41.121000+00:00,2649.89,2650.69,
Tick,2024-10-13 22:04:41.220000+00:00,2649.91,2650.74,
Tick,2024-10-13 22:04:41.323000+00:00,2649.98,2650.73,
Tick,2024-10-13 22:04:41.370000+00:00,2650.01,2650.75,
Tick,2024-10-13 22:04:41.380000+00:00,2650.06,2650.76,
Tick,2024-10-13 22:04:41.422000+00:00,2650.11,2650.83,
Tick,2024-10-13 22:04:41.466000+00:00,2650.21,2650.94,
Tick,2024-10-13 22:04:41.522000+00:00,2650.23,,
Tick,2024-10-13 22:04:41.564000+00:00,2650.25,2650.92,
Tick,2024-10-13 22:04:42.322000+00:00,2650.24,2651.1,
Tick,2024-10-13 22:04:42.357000+00:00,2650.26,,
Tick,2024-10-13 22:04:42.366000+00:00,2650.27,2651.11,
Tick,2024-10-13 22:04:42.421000+00:00,2650.42,,
Tick,2024-10-13 22:04:42.521000+00:00,2650.45,2651.13,
Tick,2024-10-13 22:04:42.822000+00:00,2650.44,2651.12,
Tick,2024-10-13 22:04:42.844000+00:00,2650.45,2651.13,
Tick,2024-10-13 22:04:42.921000+00:00,2650.48,2651.18,
Tick,2024-10-13 22:04:43.022000+00:00,2650.49,2651.2,
Tick,2024-10-13 22:04:43.325000+00:00,2650.52,2651.28,
Tick,2024-10-13 22:04:43.373000+00:00,2650.54,2651.31,
Tick,2024-10-13 22:04:43.523000+00:00,2650.61,2651.28,
Tick,2024-10-13 22:04:43.622000+00:00,2650.62,2651.29,
Tick,2024-10-13 22:04:44.663000+00:00,2650.61,2651.33,
Tick,2024-10-13 22:04:44.672000+00:00,2650.62,2651.34,
Tick,2024-10-13 22:04:44.723000+00:00,2650.61,2651.4,
Tick,2024-10-13 22:04:44.824000+00:00,2650.66,2651.39,
Tick,2024-10-13 22:04:45.024000+00:00,2650.41,2651.1,
Tick,2024-10-13 22:04:45.031000+00:00,2650.13,2650.84,
Tick,2024-10-13 22:04:45.041000+00:00,2650.06,2650.75,
Tick,2024-10-13 22:04:45.051000+00:00,2649.97,2650.66,
Tick,2024-10-13 22:04:45.101000+00:00,2649.78,2650.83,
Tick,2024-10-13 22:04:45.123000+00:00,2649.8,2650.73,
Tick,2024-10-13 22:04:45.163000+00:00,2649.81,2650.74,
Tick,2024-10-13 22:04:45.299000+00:00,,2650.77,
Tick,2024-10-13 22:04:45.743000+00:00,2649.76,2650.72,
Tick,2024-10-13 22:04:45.753000+00:00,2649.73,2650.69,
Tick,2024-10-13 22:04:45.773000+00:00,2649.69,2650.65,
Tick,2024-10-13 22:04:46.156000+00:00,2649.72,2650.64,
Tick,2024-10-13 22:04:46.195000+00:00,2649.71,2650.63,
Tick,2024-10-13 22:04:46.202000+00:00,2649.74,2650.58,
Tick,2024-10-13 22:04:46.742000+00:00,2649.72,2650.49,
Tick,2024-10-13 22:04:46.803000+00:00,2649.47,2650.41,
Tick,2024-10-13 22:04:46.825000+00:00,2649.39,2650.31,
Tick,2024-10-13 22:04:46.850000+00:00,,2650.3,
Tick,2024-10-13 22:04:47.008000+00:00,2649.38,2650.25,
Tick,2024-10-13 22:04:47.049000+00:00,2649.25,2650.08,
Tick,2024-10-13 22:04:47.126000+00:00,2649,2649.79,
Tick,2024-10-13 22:04:47.155000+00:00,2648.86,2649.65,
Tick,2024-10-13 22:04:47.226000+00:00,2648.8,2649.67,
Tick,2024-10-13 22:04:47.425000+00:00,2648.85,2649.64,
Tick,2024-10-13 22:04:47.525000+00:00,2648.86,2649.65,
Tick,2024-10-13 22:04:47.827000+00:00,2648.83,2649.64,
Tick,2024-10-13 22:04:48.227000+00:00,,2649.63,
Tick,2024-10-13 22:04:48.827000+00:00,2648.88,2649.66,
Tick,2024-10-13 22:04:48.928000+00:00,2649.01,2649.61,
Tick,2024-10-13 22:04:49.127000+00:00,2648.87,2649.66,
Tick,2024-10-13 22:04:49.227000+00:00,2648.85,,
Tick,2024-10-13 22:04:51.129000+00:00,2648.78,,
Tick,2024-10-13 22:04:51.186000+00:00,2648.66,2649.57,
Tick,2024-10-13 22:04:51.217000+00:00,2648.59,2649.52,
Tick,2024-10-13 22:04:51.228000+00:00,2648.57,2649.34,
Tick,2024-10-13 22:04:51.269000+00:00,2648.58,2649.36,
Tick,2024-10-13 22:04:51.972000+00:00,2648.57,2649.35,
Tick,2024-10-13 22:04:52.019000+00:00,2648.5,2649.31,
Tick,2024-10-13 22:04:52.029000+00:00,2648.45,2649.24,
Tick,2024-10-13 22:04:52.129000+00:00,2648.44,2649.23,
Tick,2024-10-13 22:04:52.829000+00:00,2648.55,2649.21,
Tick,2024-10-13 22:04:52.930000+00:00,2648.49,2649.28,
Tick,2024-10-13 22:04:53.021000+00:00,2648.5,2649.35,
Tick,2024-10-13 22:04:53.122000+00:00,2648.48,2649.33,
